[gd_scene load_steps=46 format=3 uid="uid://cnelunl8qp05"]

[ext_resource type="Script" path="res://scripts/game_online.gd" id="1_me7m3"]
[ext_resource type="Theme" uid="uid://c4xbq35ktdwkq" path="res://tres/theme.tres" id="2_t661c"]
[ext_resource type="Texture2D" uid="uid://cy55h6s48iyb" path="res://assets/ui/icon_menu_button.svg" id="3_i70kq"]
[ext_resource type="Texture2D" uid="uid://bjefr4aojsfgb" path="res://assets/textures/background_forest.png" id="4_3koix"]
[ext_resource type="Texture2D" uid="uid://c0jlrpktjphxc" path="res://assets/textures/panel_main.png" id="5_nf1t3"]
[ext_resource type="Texture2D" uid="uid://cpg5wyieevb32" path="res://assets/textures/trophy.png" id="6_vktrv"]
[ext_resource type="FontFile" uid="uid://c1y7uh7bciv8i" path="res://assets/fonts/open_symbol.ttf" id="7_15c73"]
[ext_resource type="Texture2D" uid="uid://cfoi5ycsck1k8" path="res://assets/ui/button_large_black.svg" id="8_o6fxm"]
[ext_resource type="Texture2D" uid="uid://c46ky737annsp" path="res://assets/ui/button_large_black_hovered.svg" id="9_32ury"]
[ext_resource type="Texture2D" uid="uid://bwuyt3wsstamx" path="res://assets/ui/button_medium_green.svg" id="10_efrv5"]
[ext_resource type="Texture2D" uid="uid://b6ipv1mmxtwjo" path="res://assets/ui/button_medium_green_hovered.svg" id="11_katmf"]
[ext_resource type="Texture2D" uid="uid://ddu2s3wdgdtbj" path="res://assets/ui/button_medium_yellow.svg" id="12_cq6uw"]
[ext_resource type="Texture2D" uid="uid://c10l00qgmkeg5" path="res://assets/ui/button_medium_yellow_hovered.svg" id="13_aeuc3"]
[ext_resource type="Texture2D" uid="uid://cretiycg4aad4" path="res://assets/ui/button_medium_red.svg" id="14_ccfyu"]
[ext_resource type="Texture2D" uid="uid://dglw60r4vk0pg" path="res://assets/ui/button_medium_red_hovered.svg" id="15_gpnka"]
[ext_resource type="Texture2D" uid="uid://dh1u4hsgnfbl0" path="res://assets/ui/button_small_green.svg" id="16_4khd3"]
[ext_resource type="Texture2D" uid="uid://c1l4n3nacrrfu" path="res://assets/ui/button_small_green_hovered.svg" id="17_w6x4u"]
[ext_resource type="Texture2D" uid="uid://c4a62acaytpob" path="res://assets/ui/button_small_red.svg" id="18_3huyw"]
[ext_resource type="Texture2D" uid="uid://dklbn3r1a851j" path="res://assets/ui/button_small_red_hovered.svg" id="19_ku3bk"]
[ext_resource type="Texture2D" uid="uid://bn26uu8wareiu" path="res://assets/textures/track.png" id="20_uxpmh"]
[ext_resource type="SpriteFrames" uid="uid://b0yemgiso0cst" path="res://tres/sprites_cat.tres" id="21_1ojyn"]
[ext_resource type="SpriteFrames" uid="uid://d1hk4e2eogq5f" path="res://tres/sprites_dog.tres" id="22_mdm8v"]
[ext_resource type="SpriteFrames" uid="uid://dh3ow3lsrmf1n" path="res://tres/sprites_adventure_boy.tres" id="23_ouivi"]
[ext_resource type="SpriteFrames" uid="uid://0yo3s8gi8inl" path="res://tres/sprites_zombie_girl.tres" id="24_5ayqb"]
[ext_resource type="Script" path="res://scripts/tools/fake_confetti_particles.gd" id="25_kr71m"]
[ext_resource type="Script" path="res://scripts/tools/fake_snow_particles.gd" id="26_su7tr"]
[ext_resource type="Texture2D" uid="uid://cr1ohga52g4bd" path="res://assets/ui/button_medium_black.svg" id="26_w57mb"]
[ext_resource type="Texture2D" uid="uid://prij23sff3e1" path="res://assets/ui/button_medium_black_hovered.svg" id="27_12ogh"]

[sub_resource type="Animation" id="Animation_udp5d"]
resource_name = "Move"
length = 2.0
step = 2.0
tracks/0/type = "value"
tracks/0/imported = false
tracks/0/enabled = true
tracks/0/path = NodePath("AreaTeam1:position:x")
tracks/0/interp = 1
tracks/0/loop_wrap = true
tracks/0/keys = {
"times": PackedFloat32Array(2),
"transitions": PackedFloat32Array(1),
"update": 0,
"values": [162.0]
}

[sub_resource type="AnimationLibrary" id="AnimationLibrary_hkhah"]
_data = {
"move": SubResource("Animation_udp5d")
}

[sub_resource type="RectangleShape2D" id="RectangleShape2D_015yk"]
size = Vector2(120, 90)

[sub_resource type="Animation" id="Animation_ey4ik"]
resource_name = "move"
length = 2.0
step = 2.0
tracks/0/type = "value"
tracks/0/imported = false
tracks/0/enabled = true
tracks/0/path = NodePath("AreaTeam2:position:x")
tracks/0/interp = 1
tracks/0/loop_wrap = true
tracks/0/keys = {
"times": PackedFloat32Array(2),
"transitions": PackedFloat32Array(1),
"update": 0,
"values": [131.0]
}

[sub_resource type="AnimationLibrary" id="AnimationLibrary_n2opg"]
_data = {
"move": SubResource("Animation_ey4ik")
}

[sub_resource type="RectangleShape2D" id="RectangleShape2D_4xsec"]
size = Vector2(120, 90)

[sub_resource type="Animation" id="Animation_iyxf0"]
resource_name = "move"
length = 2.0
step = 2.0
tracks/0/type = "value"
tracks/0/imported = false
tracks/0/enabled = true
tracks/0/path = NodePath("AreaTeam3:position:x")
tracks/0/interp = 1
tracks/0/loop_wrap = true
tracks/0/keys = {
"times": PackedFloat32Array(2),
"transitions": PackedFloat32Array(1),
"update": 0,
"values": [100.0]
}

[sub_resource type="AnimationLibrary" id="AnimationLibrary_vla13"]
_data = {
"move": SubResource("Animation_iyxf0")
}

[sub_resource type="RectangleShape2D" id="RectangleShape2D_4dqil"]
size = Vector2(120, 90)

[sub_resource type="Animation" id="Animation_n5xq2"]
resource_name = "Move"
length = 2.0
step = 2.0
tracks/0/type = "value"
tracks/0/imported = false
tracks/0/enabled = true
tracks/0/path = NodePath("AreaTeam4:position:x")
tracks/0/interp = 1
tracks/0/loop_wrap = true
tracks/0/keys = {
"times": PackedFloat32Array(2),
"transitions": PackedFloat32Array(1),
"update": 0,
"values": [70.0]
}

[sub_resource type="AnimationLibrary" id="AnimationLibrary_3dawg"]
_data = {
"move": SubResource("Animation_n5xq2")
}

[sub_resource type="RectangleShape2D" id="RectangleShape2D_88l44"]
size = Vector2(120, 90)

[sub_resource type="AudioStreamWAV" id="AudioStreamWAV_efhqo"]

[sub_resource type="Animation" id="Animation_eie6m"]
resource_name = "come_in"
length = 4.0
tracks/0/type = "value"
tracks/0/imported = false
tracks/0/enabled = true
tracks/0/path = NodePath("AreaTeam1:position:x")
tracks/0/interp = 1
tracks/0/loop_wrap = true
tracks/0/keys = {
"times": PackedFloat32Array(0, 3),
"transitions": PackedFloat32Array(1, 1),
"update": 0,
"values": [-138.0, 162.0]
}
tracks/1/type = "value"
tracks/1/imported = false
tracks/1/enabled = true
tracks/1/path = NodePath("AreaTeam2:position:x")
tracks/1/interp = 1
tracks/1/loop_wrap = true
tracks/1/keys = {
"times": PackedFloat32Array(0, 3),
"transitions": PackedFloat32Array(1, 1),
"update": 0,
"values": [-169.0, 131.0]
}
tracks/2/type = "value"
tracks/2/imported = false
tracks/2/enabled = true
tracks/2/path = NodePath("AreaTeam3:position:x")
tracks/2/interp = 1
tracks/2/loop_wrap = true
tracks/2/keys = {
"times": PackedFloat32Array(0, 3),
"transitions": PackedFloat32Array(1, 1),
"update": 0,
"values": [-200.0, 100.0]
}
tracks/3/type = "value"
tracks/3/imported = false
tracks/3/enabled = true
tracks/3/path = NodePath("AreaTeam4:position:x")
tracks/3/interp = 1
tracks/3/loop_wrap = true
tracks/3/keys = {
"times": PackedFloat32Array(0, 3),
"transitions": PackedFloat32Array(1, 1),
"update": 0,
"values": [-230.0, 70.0]
}
tracks/4/type = "value"
tracks/4/imported = false
tracks/4/enabled = true
tracks/4/path = NodePath("AreaTeam1/SpriteTeam1:animation")
tracks/4/interp = 1
tracks/4/loop_wrap = true
tracks/4/keys = {
"times": PackedFloat32Array(0, 3),
"transitions": PackedFloat32Array(1, 1),
"update": 1,
"values": [&"run", &"idle"]
}
tracks/5/type = "value"
tracks/5/imported = false
tracks/5/enabled = false
tracks/5/path = NodePath("AreaTeam2/SpriteTeam2:animation")
tracks/5/interp = 1
tracks/5/loop_wrap = true
tracks/5/keys = {
"times": PackedFloat32Array(0, 3),
"transitions": PackedFloat32Array(1, 1),
"update": 1,
"values": [&"run", &"idle"]
}
tracks/6/type = "value"
tracks/6/imported = false
tracks/6/enabled = false
tracks/6/path = NodePath("AreaTeam3/SpriteTeam3:animation")
tracks/6/interp = 1
tracks/6/loop_wrap = true
tracks/6/keys = {
"times": PackedFloat32Array(0, 3),
"transitions": PackedFloat32Array(1, 1),
"update": 1,
"values": [&"run", &"idle"]
}
tracks/7/type = "value"
tracks/7/imported = false
tracks/7/enabled = false
tracks/7/path = NodePath("AreaTeam4/SpriteTeam4:animation")
tracks/7/interp = 1
tracks/7/loop_wrap = true
tracks/7/keys = {
"times": PackedFloat32Array(0, 3),
"transitions": PackedFloat32Array(1, 1),
"update": 1,
"values": [&"run", &"idle"]
}
tracks/8/type = "value"
tracks/8/imported = false
tracks/8/enabled = true
tracks/8/path = NodePath("TexturePanel/MarginMain/HBoxMain/VBoxMain/HBoxTop/LabelTopic:modulate")
tracks/8/interp = 1
tracks/8/loop_wrap = true
tracks/8/keys = {
"times": PackedFloat32Array(0, 2, 3),
"transitions": PackedFloat32Array(1, 1, 1),
"update": 0,
"values": [Color(1, 1, 1, 0), Color(1, 1, 1, 0), Color(1, 1, 1, 1)]
}
tracks/9/type = "value"
tracks/9/imported = false
tracks/9/enabled = true
tracks/9/path = NodePath("TexturePanel/MarginMain/HBoxMain/VBoxMain/LabelMain:modulate")
tracks/9/interp = 1
tracks/9/loop_wrap = true
tracks/9/keys = {
"times": PackedFloat32Array(0, 2, 3),
"transitions": PackedFloat32Array(1, 1, 1),
"update": 0,
"values": [Color(1, 1, 1, 0), Color(1, 1, 1, 0), Color(1, 1, 1, 1)]
}
tracks/10/type = "value"
tracks/10/imported = false
tracks/10/enabled = true
tracks/10/path = NodePath("TexturePanel/MarginMain/HBoxMain/VBoxMain/HBoxButtons/ButtonNext:modulate")
tracks/10/interp = 1
tracks/10/loop_wrap = true
tracks/10/keys = {
"times": PackedFloat32Array(0, 3, 4),
"transitions": PackedFloat32Array(1, 1, 1),
"update": 0,
"values": [Color(1, 1, 1, 0), Color(1, 1, 1, 0), Color(1, 1, 1, 1)]
}
tracks/11/type = "value"
tracks/11/imported = false
tracks/11/enabled = true
tracks/11/path = NodePath("TexturePanel/MarginMain/HBoxMain/VBoxMain/LabelMain:visible")
tracks/11/interp = 1
tracks/11/loop_wrap = true
tracks/11/keys = {
"times": PackedFloat32Array(2),
"transitions": PackedFloat32Array(1),
"update": 1,
"values": [true]
}
tracks/12/type = "value"
tracks/12/imported = false
tracks/12/enabled = true
tracks/12/path = NodePath("TexturePanel/MarginMain/HBoxMain/VBoxMain/HBoxTop/LabelTopic:visible")
tracks/12/interp = 1
tracks/12/loop_wrap = true
tracks/12/keys = {
"times": PackedFloat32Array(2),
"transitions": PackedFloat32Array(1),
"update": 1,
"values": [true]
}
tracks/13/type = "value"
tracks/13/imported = false
tracks/13/enabled = false
tracks/13/path = NodePath("TexturePanel/MarginMain/HBoxMain/VBoxMain/HBoxButtons/ButtonNext:visible")
tracks/13/interp = 1
tracks/13/loop_wrap = true
tracks/13/keys = {
"times": PackedFloat32Array(3),
"transitions": PackedFloat32Array(1),
"update": 1,
"values": [true]
}

[sub_resource type="AnimationLibrary" id="AnimationLibrary_3d3n8"]
_data = {
"come_in": SubResource("Animation_eie6m")
}

[sub_resource type="Animation" id="Animation_cocky"]
resource_name = "fade_in"
length = 4.0
tracks/0/type = "value"
tracks/0/imported = false
tracks/0/enabled = true
tracks/0/path = NodePath("../TexturePanel/MarginMain/HBoxMain/MarginTrophyLeft:modulate")
tracks/0/interp = 1
tracks/0/loop_wrap = true
tracks/0/keys = {
"times": PackedFloat32Array(1, 3),
"transitions": PackedFloat32Array(1, 1),
"update": 0,
"values": [Color(1, 1, 1, 0), Color(1, 1, 1, 1)]
}
tracks/1/type = "value"
tracks/1/imported = false
tracks/1/enabled = true
tracks/1/path = NodePath("../TexturePanel/MarginMain/HBoxMain/MarginTrophyLeft:visible")
tracks/1/interp = 1
tracks/1/loop_wrap = true
tracks/1/keys = {
"times": PackedFloat32Array(1),
"transitions": PackedFloat32Array(1),
"update": 1,
"values": [true]
}
tracks/2/type = "value"
tracks/2/imported = false
tracks/2/enabled = true
tracks/2/path = NodePath("../TexturePanel/MarginMain/HBoxMain/MarginTrophyRight:modulate")
tracks/2/interp = 1
tracks/2/loop_wrap = true
tracks/2/keys = {
"times": PackedFloat32Array(1, 3),
"transitions": PackedFloat32Array(1, 1),
"update": 0,
"values": [Color(1, 1, 1, 0), Color(1, 1, 1, 1)]
}
tracks/3/type = "value"
tracks/3/imported = false
tracks/3/enabled = true
tracks/3/path = NodePath("../TexturePanel/MarginMain/HBoxMain/MarginTrophyRight:visible")
tracks/3/interp = 1
tracks/3/loop_wrap = true
tracks/3/keys = {
"times": PackedFloat32Array(1),
"transitions": PackedFloat32Array(1),
"update": 1,
"values": [true]
}
tracks/4/type = "value"
tracks/4/imported = false
tracks/4/enabled = true
tracks/4/path = NodePath("../TexturePanel/MarginMain/HBoxMain/VBoxMain/HBoxButtons/ButtonNext:modulate")
tracks/4/interp = 1
tracks/4/loop_wrap = true
tracks/4/keys = {
"times": PackedFloat32Array(2, 4),
"transitions": PackedFloat32Array(1, 1),
"update": 0,
"values": [Color(1, 1, 1, 0), Color(1, 1, 1, 1)]
}
tracks/5/type = "value"
tracks/5/imported = false
tracks/5/enabled = true
tracks/5/path = NodePath("../TexturePanel/MarginMain/HBoxMain/VBoxMain/HBoxButtons/ButtonNext:visible")
tracks/5/interp = 1
tracks/5/loop_wrap = true
tracks/5/keys = {
"times": PackedFloat32Array(2),
"transitions": PackedFloat32Array(1),
"update": 1,
"values": [true]
}
tracks/6/type = "value"
tracks/6/imported = false
tracks/6/enabled = true
tracks/6/path = NodePath("../TexturePanel/MarginMain/HBoxMain/VBoxMain/LabelMain:theme_override_colors/font_color")
tracks/6/interp = 1
tracks/6/loop_wrap = true
tracks/6/keys = {
"times": PackedFloat32Array(0, 2),
"transitions": PackedFloat32Array(1, 1),
"update": 0,
"values": [Color(0.75, 0, 0, 0), Color(0.75, 0, 0, 1)]
}
tracks/7/type = "value"
tracks/7/imported = false
tracks/7/enabled = true
tracks/7/path = NodePath("../TexturePanel/MarginMain/HBoxMain/VBoxMain/LabelSolution:theme_override_colors/font_color")
tracks/7/interp = 1
tracks/7/loop_wrap = true
tracks/7/keys = {
"times": PackedFloat32Array(0, 2),
"transitions": PackedFloat32Array(1, 1),
"update": 0,
"values": [Color(0, 0, 0, 0), Color(0, 0, 0, 1)]
}

[sub_resource type="AnimationLibrary" id="AnimationLibrary_ofaqw"]
_data = {
"fade_in": SubResource("Animation_cocky")
}

[node name="GameOnline" type="Node2D"]
script = ExtResource("1_me7m3")

[node name="MarginTitlebar" type="MarginContainer" parent="."]
custom_minimum_size = Vector2(1920, 64)
offset_right = 1920.0
offset_bottom = 64.0
theme = ExtResource("2_t661c")
theme_override_constants/margin_left = 8
theme_override_constants/margin_top = 8
theme_override_constants/margin_right = 8
theme_override_constants/margin_bottom = 8

[node name="HBoxTitlebar" type="HBoxContainer" parent="MarginTitlebar"]
layout_mode = 2
theme_override_constants/separation = 8

[node name="IconPlayer" type="TextureRect" parent="MarginTitlebar/HBoxTitlebar"]
visible = false
custom_minimum_size = Vector2(48, 48)
layout_mode = 2
expand_mode = 1
stretch_mode = 6

[node name="LabelPlayer" type="Label" parent="MarginTitlebar/HBoxTitlebar"]
auto_translate_mode = 2
layout_mode = 2
size_flags_horizontal = 3
size_flags_vertical = 1
vertical_alignment = 1

[node name="ButtonMenu" type="MenuButton" parent="MarginTitlebar/HBoxTitlebar"]
layout_mode = 2
disabled = true
icon = ExtResource("3_i70kq")
icon_alignment = 1
item_count = 6
popup/item_0/text = "New Game"
popup/item_1/text = "Settings"
popup/item_1/id = 1
popup/item_2/id = 4
popup/item_2/separator = true
popup/item_3/text = "Main Menu"
popup/item_3/id = 2
popup/item_4/id = 5
popup/item_4/separator = true
popup/item_5/text = "Quit"
popup/item_5/id = 3

[node name="CenterNetwork" type="CenterContainer" parent="MarginTitlebar"]
layout_mode = 2
size_flags_horizontal = 4

[node name="HBoxNetwork" type="HBoxContainer" parent="MarginTitlebar/CenterNetwork"]
visible = false
layout_mode = 2
theme_override_constants/separation = 8

[node name="LabelMessage" type="Label" parent="MarginTitlebar/CenterNetwork/HBoxNetwork"]
layout_mode = 2

[node name="LabelTime" type="Label" parent="MarginTitlebar/CenterNetwork/HBoxNetwork"]
layout_mode = 2

[node name="TextureBackground" type="TextureRect" parent="."]
offset_top = 64.0
offset_right = 1920.0
offset_bottom = 1080.0
texture = ExtResource("4_3koix")
stretch_mode = 1

[node name="TexturePanel" type="TextureRect" parent="."]
self_modulate = Color(1, 1, 1, 0.501961)
offset_left = 64.0
offset_top = 92.0
offset_right = 1856.0
offset_bottom = 572.0
theme = ExtResource("2_t661c")
texture = ExtResource("5_nf1t3")

[node name="MarginMain" type="MarginContainer" parent="TexturePanel"]
custom_minimum_size = Vector2(1792, 480)
layout_mode = 0
offset_right = 40.0
offset_bottom = 40.0
theme_override_constants/margin_left = 32
theme_override_constants/margin_top = 32
theme_override_constants/margin_right = 32
theme_override_constants/margin_bottom = 32
metadata/_edit_use_anchors_ = true

[node name="HBoxMain" type="HBoxContainer" parent="TexturePanel/MarginMain"]
layout_mode = 2

[node name="MarginTrophyLeft" type="MarginContainer" parent="TexturePanel/MarginMain/HBoxMain"]
visible = false
modulate = Color(1, 1, 1, 0)
layout_mode = 2
theme_override_constants/margin_left = 72

[node name="TextureTrophyLeft" type="TextureRect" parent="TexturePanel/MarginMain/HBoxMain/MarginTrophyLeft"]
layout_mode = 2
size_flags_vertical = 4
texture = ExtResource("6_vktrv")

[node name="VBoxMain" type="VBoxContainer" parent="TexturePanel/MarginMain/HBoxMain"]
layout_mode = 2
size_flags_horizontal = 3
theme_override_constants/separation = 24

[node name="HBoxTop" type="HBoxContainer" parent="TexturePanel/MarginMain/HBoxMain/VBoxMain"]
layout_mode = 2
theme_override_constants/separation = 64

[node name="LabelCategory" type="Label" parent="TexturePanel/MarginMain/HBoxMain/VBoxMain/HBoxTop"]
visible = false
layout_mode = 2
size_flags_horizontal = 3
size_flags_vertical = 1
theme_override_colors/font_color = Color(0, 0, 0, 1)

[node name="LabelTopic" type="Label" parent="TexturePanel/MarginMain/HBoxMain/VBoxMain/HBoxTop"]
visible = false
modulate = Color(1, 1, 1, 0)
layout_mode = 2
size_flags_horizontal = 3
size_flags_vertical = 1
theme_override_colors/font_color = Color(0, 0, 0, 1)
theme_override_font_sizes/font_size = 36
text = "Game Start"
horizontal_alignment = 1
vertical_alignment = 1
uppercase = true

[node name="LabelDifficulty" type="Label" parent="TexturePanel/MarginMain/HBoxMain/VBoxMain/HBoxTop"]
visible = false
layout_mode = 2
size_flags_horizontal = 3
size_flags_vertical = 1
theme_override_colors/font_color = Color(0, 0, 0, 1)
theme_override_fonts/font = ExtResource("7_15c73")
theme_override_font_sizes/font_size = 44
horizontal_alignment = 2

[node name="LabelMain" type="Label" parent="TexturePanel/MarginMain/HBoxMain/VBoxMain"]
visible = false
modulate = Color(1, 1, 1, 0)
layout_mode = 2
size_flags_vertical = 1
theme_override_colors/font_color = Color(0, 0, 0, 1)
theme_override_font_sizes/font_size = 36
horizontal_alignment = 1
autowrap_mode = 2

[node name="HBoxAnswer" type="HBoxContainer" parent="TexturePanel/MarginMain/HBoxMain/VBoxMain"]
visible = false
layout_mode = 2
size_flags_horizontal = 4
theme_override_constants/separation = 16

[node name="LabelAnswer" type="Label" parent="TexturePanel/MarginMain/HBoxMain/VBoxMain/HBoxAnswer"]
layout_mode = 2
theme_override_colors/font_color = Color(0, 0, 0, 1)
theme_override_font_sizes/font_size = 36
text = "Answer:"

[node name="LineAnswer" type="LineEdit" parent="TexturePanel/MarginMain/HBoxMain/VBoxMain/HBoxAnswer"]
auto_translate_mode = 2
custom_minimum_size = Vector2(1000, 0)
layout_mode = 2
theme_override_colors/font_uneditable_color = Color(1, 1, 1, 1)
theme_override_colors/font_color = Color(1, 1, 1, 1)
context_menu_enabled = false
shortcut_keys_enabled = false
middle_mouse_paste_enabled = false
selecting_enabled = false

[node name="LabelSolution" type="Label" parent="TexturePanel/MarginMain/HBoxMain/VBoxMain"]
visible = false
layout_mode = 2
size_flags_vertical = 1
theme_override_colors/font_color = Color(0, 0, 0, 1)
theme_override_font_sizes/font_size = 36
horizontal_alignment = 1
autowrap_mode = 2

[node name="HBoxFeedback" type="HBoxContainer" parent="TexturePanel/MarginMain/HBoxMain/VBoxMain"]
layout_mode = 2
theme_override_constants/separation = 64
alignment = 1

[node name="HBoxFeedback1" type="HBoxContainer" parent="TexturePanel/MarginMain/HBoxMain/VBoxMain/HBoxFeedback"]
visible = false
layout_mode = 2
theme_override_constants/separation = 16

[node name="LabelTeam1" type="Label" parent="TexturePanel/MarginMain/HBoxMain/VBoxMain/HBoxFeedback/HBoxFeedback1"]
layout_mode = 2
theme_override_colors/font_color = Color(0, 0, 0, 1)
theme_override_font_sizes/font_size = 36
text = "Player 1:"

[node name="RectFeedback1" type="ColorRect" parent="TexturePanel/MarginMain/HBoxMain/VBoxMain/HBoxFeedback/HBoxFeedback1"]
custom_minimum_size = Vector2(64, 64)
layout_mode = 2

[node name="LabelFeedback1" type="Label" parent="TexturePanel/MarginMain/HBoxMain/VBoxMain/HBoxFeedback/HBoxFeedback1/RectFeedback1"]
auto_translate_mode = 2
layout_mode = 1
anchors_preset = 15
anchor_right = 1.0
anchor_bottom = 1.0
grow_horizontal = 2
grow_vertical = 2
theme_override_fonts/font = ExtResource("7_15c73")
theme_override_font_sizes/font_size = 48
horizontal_alignment = 1
vertical_alignment = 1

[node name="HBoxFeedback2" type="HBoxContainer" parent="TexturePanel/MarginMain/HBoxMain/VBoxMain/HBoxFeedback"]
visible = false
layout_mode = 2
theme_override_constants/separation = 16

[node name="LabelTeam2" type="Label" parent="TexturePanel/MarginMain/HBoxMain/VBoxMain/HBoxFeedback/HBoxFeedback2"]
layout_mode = 2
theme_override_colors/font_color = Color(0, 0, 0, 1)
theme_override_font_sizes/font_size = 36
text = "Player 2:"

[node name="RectFeedback2" type="ColorRect" parent="TexturePanel/MarginMain/HBoxMain/VBoxMain/HBoxFeedback/HBoxFeedback2"]
custom_minimum_size = Vector2(64, 64)
layout_mode = 2

[node name="LabelFeedback2" type="Label" parent="TexturePanel/MarginMain/HBoxMain/VBoxMain/HBoxFeedback/HBoxFeedback2/RectFeedback2"]
auto_translate_mode = 2
layout_mode = 1
anchors_preset = 15
anchor_right = 1.0
anchor_bottom = 1.0
grow_horizontal = 2
grow_vertical = 2
theme_override_fonts/font = ExtResource("7_15c73")
theme_override_font_sizes/font_size = 48
horizontal_alignment = 1
vertical_alignment = 1

[node name="HBoxFeedback3" type="HBoxContainer" parent="TexturePanel/MarginMain/HBoxMain/VBoxMain/HBoxFeedback"]
visible = false
layout_mode = 2
theme_override_constants/separation = 16

[node name="LabelTeam3" type="Label" parent="TexturePanel/MarginMain/HBoxMain/VBoxMain/HBoxFeedback/HBoxFeedback3"]
layout_mode = 2
theme_override_colors/font_color = Color(0, 0, 0, 1)
theme_override_font_sizes/font_size = 36
text = "Player 3:"

[node name="RectFeedback3" type="ColorRect" parent="TexturePanel/MarginMain/HBoxMain/VBoxMain/HBoxFeedback/HBoxFeedback3"]
custom_minimum_size = Vector2(64, 64)
layout_mode = 2

[node name="LabelFeedback3" type="Label" parent="TexturePanel/MarginMain/HBoxMain/VBoxMain/HBoxFeedback/HBoxFeedback3/RectFeedback3"]
auto_translate_mode = 2
layout_mode = 1
anchors_preset = 15
anchor_right = 1.0
anchor_bottom = 1.0
grow_horizontal = 2
grow_vertical = 2
theme_override_fonts/font = ExtResource("7_15c73")
theme_override_font_sizes/font_size = 48
text = ""
horizontal_alignment = 1
vertical_alignment = 1

[node name="HBoxFeedback4" type="HBoxContainer" parent="TexturePanel/MarginMain/HBoxMain/VBoxMain/HBoxFeedback"]
visible = false
layout_mode = 2
theme_override_constants/separation = 16

[node name="LabelTeam4" type="Label" parent="TexturePanel/MarginMain/HBoxMain/VBoxMain/HBoxFeedback/HBoxFeedback4"]
layout_mode = 2
theme_override_colors/font_color = Color(0, 0, 0, 1)
theme_override_font_sizes/font_size = 36
text = "Player 4:"

[node name="RectFeedback4" type="ColorRect" parent="TexturePanel/MarginMain/HBoxMain/VBoxMain/HBoxFeedback/HBoxFeedback4"]
custom_minimum_size = Vector2(64, 64)
layout_mode = 2

[node name="LabelFeedback4" type="Label" parent="TexturePanel/MarginMain/HBoxMain/VBoxMain/HBoxFeedback/HBoxFeedback4/RectFeedback4"]
auto_translate_mode = 2
layout_mode = 1
anchors_preset = 15
anchor_right = 1.0
anchor_bottom = 1.0
grow_horizontal = 2
grow_vertical = 2
theme_override_fonts/font = ExtResource("7_15c73")
theme_override_font_sizes/font_size = 48
text = ""
horizontal_alignment = 1
vertical_alignment = 1

[node name="HBoxButtons" type="HBoxContainer" parent="TexturePanel/MarginMain/HBoxMain/VBoxMain"]
layout_mode = 2
size_flags_vertical = 10
theme_override_constants/separation = 64
alignment = 1

[node name="ButtonNext" type="TextureButton" parent="TexturePanel/MarginMain/HBoxMain/VBoxMain/HBoxButtons"]
visible = false
modulate = Color(1, 1, 1, 0)
layout_mode = 2
disabled = true
texture_normal = ExtResource("8_o6fxm")
texture_pressed = ExtResource("9_32ury")
texture_hover = ExtResource("9_32ury")

[node name="LabelButtonNext" type="Label" parent="TexturePanel/MarginMain/HBoxMain/VBoxMain/HBoxButtons/ButtonNext"]
layout_mode = 1
anchors_preset = 15
anchor_right = 1.0
anchor_bottom = 1.0
grow_horizontal = 2
grow_vertical = 2
text = "Let's go!"
horizontal_alignment = 1
vertical_alignment = 1

[node name="ButtonEasy" type="TextureButton" parent="TexturePanel/MarginMain/HBoxMain/VBoxMain/HBoxButtons"]
visible = false
layout_mode = 2
texture_normal = ExtResource("10_efrv5")
texture_pressed = ExtResource("11_katmf")
texture_hover = ExtResource("11_katmf")

[node name="LabelButtonEasy" type="Label" parent="TexturePanel/MarginMain/HBoxMain/VBoxMain/HBoxButtons/ButtonEasy"]
auto_translate_mode = 2
layout_mode = 1
anchors_preset = 15
anchor_right = 1.0
anchor_bottom = 1.0
grow_horizontal = 2
grow_vertical = 2
theme_override_fonts/font = ExtResource("7_15c73")
theme_override_font_sizes/font_size = 60
text = ""
horizontal_alignment = 1
vertical_alignment = 1

[node name="ButtonMedium" type="TextureButton" parent="TexturePanel/MarginMain/HBoxMain/VBoxMain/HBoxButtons"]
visible = false
layout_mode = 2
texture_normal = ExtResource("12_cq6uw")
texture_pressed = ExtResource("13_aeuc3")
texture_hover = ExtResource("13_aeuc3")

[node name="LabelButtonMedium" type="Label" parent="TexturePanel/MarginMain/HBoxMain/VBoxMain/HBoxButtons/ButtonMedium"]
auto_translate_mode = 2
layout_mode = 1
anchors_preset = 15
anchor_right = 1.0
anchor_bottom = 1.0
grow_horizontal = 2
grow_vertical = 2
theme_override_fonts/font = ExtResource("7_15c73")
theme_override_font_sizes/font_size = 60
text = ""
horizontal_alignment = 1
vertical_alignment = 1

[node name="ButtonHard" type="TextureButton" parent="TexturePanel/MarginMain/HBoxMain/VBoxMain/HBoxButtons"]
visible = false
layout_mode = 2
texture_normal = ExtResource("14_ccfyu")
texture_pressed = ExtResource("15_gpnka")
texture_hover = ExtResource("15_gpnka")

[node name="LabelButtonHard" type="Label" parent="TexturePanel/MarginMain/HBoxMain/VBoxMain/HBoxButtons/ButtonHard"]
auto_translate_mode = 2
layout_mode = 1
anchors_preset = 15
anchor_right = 1.0
anchor_bottom = 1.0
grow_horizontal = 2
grow_vertical = 2
theme_override_fonts/font = ExtResource("7_15c73")
theme_override_font_sizes/font_size = 60
text = ""
horizontal_alignment = 1
vertical_alignment = 1

[node name="ButtonRight" type="TextureButton" parent="TexturePanel/MarginMain/HBoxMain/VBoxMain/HBoxButtons"]
visible = false
layout_mode = 2
texture_normal = ExtResource("16_4khd3")
texture_pressed = ExtResource("17_w6x4u")
texture_hover = ExtResource("17_w6x4u")

[node name="LabelButtonRight" type="Label" parent="TexturePanel/MarginMain/HBoxMain/VBoxMain/HBoxButtons/ButtonRight"]
auto_translate_mode = 2
layout_mode = 1
anchors_preset = 15
anchor_right = 1.0
anchor_bottom = 1.0
grow_horizontal = 2
grow_vertical = 2
theme_override_fonts/font = ExtResource("7_15c73")
theme_override_font_sizes/font_size = 60
text = ""
horizontal_alignment = 1
vertical_alignment = 1

[node name="ButtonWrong" type="TextureButton" parent="TexturePanel/MarginMain/HBoxMain/VBoxMain/HBoxButtons"]
visible = false
layout_mode = 2
texture_normal = ExtResource("18_3huyw")
texture_pressed = ExtResource("19_ku3bk")
texture_hover = ExtResource("19_ku3bk")

[node name="LabelButtonWrong" type="Label" parent="TexturePanel/MarginMain/HBoxMain/VBoxMain/HBoxButtons/ButtonWrong"]
auto_translate_mode = 2
layout_mode = 1
anchors_preset = 15
anchor_right = 1.0
anchor_bottom = 1.0
grow_horizontal = 2
grow_vertical = 2
theme_override_fonts/font = ExtResource("7_15c73")
theme_override_font_sizes/font_size = 60
text = ""
horizontal_alignment = 1
vertical_alignment = 1

[node name="MarginTrophyRight" type="MarginContainer" parent="TexturePanel/MarginMain/HBoxMain"]
visible = false
modulate = Color(1, 1, 1, 0)
layout_mode = 2
theme_override_constants/margin_right = 72

[node name="TextureTrophyRight" type="TextureRect" parent="TexturePanel/MarginMain/HBoxMain/MarginTrophyRight"]
layout_mode = 2
size_flags_vertical = 4
texture = ExtResource("6_vktrv")

[node name="TextureTrack" type="TextureRect" parent="."]
offset_left = 72.0
offset_top = 658.0
offset_right = 1848.0
offset_bottom = 1064.0
texture = ExtResource("20_uxpmh")

[node name="AreaTeam1" type="Area2D" parent="."]
position = Vector2(-138, 660)
monitoring = false
monitorable = false

[node name="SpriteTeam1" type="AnimatedSprite2D" parent="AreaTeam1"]
sprite_frames = ExtResource("21_1ojyn")
animation = &"run"
autoplay = "idle"

[node name="AnimationTeam1" type="AnimationPlayer" parent="AreaTeam1/SpriteTeam1"]
root_node = NodePath("../../..")
libraries = {
"": SubResource("AnimationLibrary_hkhah")
}

[node name="CollisionShapeTeam1" type="CollisionShape2D" parent="AreaTeam1"]
position = Vector2(0, 15)
shape = SubResource("RectangleShape2D_015yk")

[node name="AreaTeam2" type="Area2D" parent="."]
visible = false
position = Vector2(-169, 760)
monitoring = false
monitorable = false

[node name="SpriteTeam2" type="AnimatedSprite2D" parent="AreaTeam2"]
z_index = 1
sprite_frames = ExtResource("22_mdm8v")
animation = &"run"
autoplay = "idle"

[node name="AnimationTeam2" type="AnimationPlayer" parent="AreaTeam2/SpriteTeam2"]
root_node = NodePath("../../..")
libraries = {
"": SubResource("AnimationLibrary_n2opg")
}

[node name="CollisionShapeTeam2" type="CollisionShape2D" parent="AreaTeam2"]
position = Vector2(0, 15)
shape = SubResource("RectangleShape2D_4xsec")

[node name="AreaTeam3" type="Area2D" parent="."]
visible = false
position = Vector2(-200, 860)
monitoring = false
monitorable = false

[node name="SpriteTeam3" type="AnimatedSprite2D" parent="AreaTeam3"]
z_index = 2
sprite_frames = ExtResource("23_ouivi")
animation = &"run"
autoplay = "idle"

[node name="AnimationTeam3" type="AnimationPlayer" parent="AreaTeam3/SpriteTeam3"]
root_node = NodePath("../../..")
libraries = {
"": SubResource("AnimationLibrary_vla13")
}

[node name="CollisionShapeTeam3" type="CollisionShape2D" parent="AreaTeam3"]
position = Vector2(0, 15)
shape = SubResource("RectangleShape2D_4dqil")

[node name="AreaTeam4" type="Area2D" parent="."]
visible = false
position = Vector2(-230, 960)
monitoring = false
monitorable = false

[node name="SpriteTeam4" type="AnimatedSprite2D" parent="AreaTeam4"]
z_index = 3
sprite_frames = ExtResource("24_5ayqb")
animation = &"run"
autoplay = "idle"

[node name="AnimationTeam4" type="AnimationPlayer" parent="AreaTeam4/SpriteTeam4"]
root_node = NodePath("../../..")
libraries = {
"": SubResource("AnimationLibrary_3dawg")
}

[node name="CollisionShapeTeam4" type="CollisionShape2D" parent="AreaTeam4"]
position = Vector2(0, 15)
shape = SubResource("RectangleShape2D_88l44")

[node name="AudioStreamSoundPlayer" type="AudioStreamPlayer" parent="."]
stream = SubResource("AudioStreamWAV_efhqo")

[node name="GameStart" type="Node" parent="."]

[node name="AnimationGameStart" type="AnimationPlayer" parent="GameStart"]
root_node = NodePath("../..")
libraries = {
"": SubResource("AnimationLibrary_3d3n8")
}

[node name="TimerGameStart" type="Timer" parent="GameStart"]
one_shot = true

[node name="GameEnd" type="Node" parent="."]

[node name="Confetti" type="Node2D" parent="GameEnd"]
visible = false
script = ExtResource("25_kr71m")
colors = [Color(0, 0.529412, 0.317647, 1), Color(0, 0.894118, 0.211765, 1), Color(0.160784, 0.678431, 1, 1), Color(0.494118, 0.145098, 0.32549, 1), Color(0.513726, 0.462745, 0.611765, 1), Color(1, 0, 0.301961, 1), Color(1, 0.466667, 0.658824, 1), Color(1, 0.639216, 0, 1), Color(1, 0.92549, 0.152941, 1)]

[node name="AnimationGameEnd" type="AnimationPlayer" parent="GameEnd"]
libraries = {
"": SubResource("AnimationLibrary_ofaqw")
}

[node name="Snow" type="Node2D" parent="."]
visible = false
script = ExtResource("26_su7tr")
visibility_rect = Rect2(0, 64, 1920, 1080)
colors = PackedColorArray(1, 1, 1, 1)

[node name="TimerCountdown" type="Timer" parent="."]

[node name="MessageDialog" type="Window" parent="."]
position = Vector2i(656, 386)
size = Vector2i(608, 308)
visible = false
transient = true
exclusive = true
unresizable = true
borderless = true
theme = ExtResource("2_t661c")

[node name="MarginDialog" type="MarginContainer" parent="MessageDialog"]
offset_right = 608.0
offset_bottom = 308.0
theme_override_constants/margin_left = 4
theme_override_constants/margin_top = 4
theme_override_constants/margin_right = 4
theme_override_constants/margin_bottom = 4

[node name="TextureDialog" type="ColorRect" parent="MessageDialog/MarginDialog"]
layout_mode = 2
color = Color(0.301961, 0, 0, 1)

[node name="MarginContent" type="MarginContainer" parent="MessageDialog/MarginDialog/TextureDialog"]
layout_mode = 1
anchors_preset = 15
anchor_right = 1.0
anchor_bottom = 1.0
grow_horizontal = 2
grow_vertical = 2
theme_override_constants/margin_left = 32
theme_override_constants/margin_top = 32
theme_override_constants/margin_right = 32
theme_override_constants/margin_bottom = 32

[node name="VBoxContent" type="VBoxContainer" parent="MessageDialog/MarginDialog/TextureDialog/MarginContent"]
layout_mode = 2
theme_override_constants/separation = 32
alignment = 1

[node name="LabelDialog" type="Label" parent="MessageDialog/MarginDialog/TextureDialog/MarginContent/VBoxContent"]
layout_mode = 2
size_flags_vertical = 3
horizontal_alignment = 1
autowrap_mode = 2
text_overrun_behavior = 4
max_lines_visible = 3

[node name="ButtonDialog" type="TextureButton" parent="MessageDialog/MarginDialog/TextureDialog/MarginContent/VBoxContent"]
layout_mode = 2
size_flags_horizontal = 4
texture_normal = ExtResource("26_w57mb")
texture_pressed = ExtResource("27_12ogh")
texture_hover = ExtResource("27_12ogh")

[node name="LabelButtonDialog" type="Label" parent="MessageDialog/MarginDialog/TextureDialog/MarginContent/VBoxContent/ButtonDialog"]
layout_mode = 1
anchors_preset = 15
anchor_right = 1.0
anchor_bottom = 1.0
grow_horizontal = 2
grow_vertical = 2
text = "Close"
horizontal_alignment = 1
vertical_alignment = 1

[node name="PopupSettings" type="Popup" parent="."]
mode = 3
size = Vector2i(1920, 1080)

[connection signal="ready" from="." to="." method="_on_ready"]
[connection signal="pressed" from="TexturePanel/MarginMain/HBoxMain/VBoxMain/HBoxButtons/ButtonNext" to="." method="_on_button_next_pressed"]
[connection signal="pressed" from="TexturePanel/MarginMain/HBoxMain/VBoxMain/HBoxButtons/ButtonEasy" to="." method="_on_button_difficulty_pressed" binds= [1, ""]]
[connection signal="pressed" from="TexturePanel/MarginMain/HBoxMain/VBoxMain/HBoxButtons/ButtonMedium" to="." method="_on_button_difficulty_pressed" binds= [2, ""]]
[connection signal="pressed" from="TexturePanel/MarginMain/HBoxMain/VBoxMain/HBoxButtons/ButtonHard" to="." method="_on_button_difficulty_pressed" binds= [3, ""]]
[connection signal="pressed" from="TexturePanel/MarginMain/HBoxMain/VBoxMain/HBoxButtons/ButtonRight" to="." method="_on_button_answer_pressed" binds= [true]]
[connection signal="pressed" from="TexturePanel/MarginMain/HBoxMain/VBoxMain/HBoxButtons/ButtonWrong" to="." method="_on_button_answer_pressed" binds= [false]]
[connection signal="animation_finished" from="AreaTeam1/SpriteTeam1/AnimationTeam1" to="." method="_on_animation_team_finished"]
[connection signal="animation_finished" from="AreaTeam2/SpriteTeam2/AnimationTeam2" to="." method="_on_animation_team_finished"]
[connection signal="animation_finished" from="AreaTeam3/SpriteTeam3/AnimationTeam3" to="." method="_on_animation_team_finished"]
[connection signal="animation_finished" from="AreaTeam4/SpriteTeam4/AnimationTeam4" to="." method="_on_animation_team_finished"]
[connection signal="animation_finished" from="GameStart/AnimationGameStart" to="." method="_on_animation_game_start_finished"]
[connection signal="timeout" from="GameStart/TimerGameStart" to="." method="_on_timer_game_start_timeout"]
[connection signal="animation_finished" from="GameEnd/AnimationGameEnd" to="." method="_on_animation_game_end_finished"]
[connection signal="timeout" from="TimerCountdown" to="." method="_on_timer_countdown_timeout"]
[connection signal="pressed" from="MessageDialog/MarginDialog/TextureDialog/MarginContent/VBoxContent/ButtonDialog" to="." method="_on_button_dialog_pressed"]
