[gd_scene load_steps=33 format=3 uid="uid://doqo8yiy87yjr"]

[ext_resource type="Theme" uid="uid://c4xbq35ktdwkq" path="res://tres/theme.tres" id="1_qr5ey"]
[ext_resource type="Texture2D" uid="uid://cr1ohga52g4bd" path="res://assets/ui/button_medium_black.svg" id="1_x2j7l"]
[ext_resource type="Script" path="res://scripts/setup_local.gd" id="2_5vba8"]
[ext_resource type="Texture2D" uid="uid://bwuyt3wsstamx" path="res://assets/ui/button_medium_green.svg" id="2_og1lr"]
[ext_resource type="Texture2D" uid="uid://ddu2s3wdgdtbj" path="res://assets/ui/button_medium_yellow.svg" id="4_1jtbg"]
[ext_resource type="Texture2D" uid="uid://b6ipv1mmxtwjo" path="res://assets/ui/button_medium_green_hovered.svg" id="4_k8r1d"]
[ext_resource type="ButtonGroup" uid="uid://sjfa5ce2dmb" path="res://tres/button_group_game_mode.tres" id="5_ntbbn"]
[ext_resource type="Texture2D" uid="uid://c3ojp6hlunb7p" path="res://assets/ui/icon_close.svg" id="5_p1ig3"]
[ext_resource type="Texture2D" uid="uid://ctd7a3itp6dnq" path="res://assets/ui/button_square_red.svg" id="6_34b48"]
[ext_resource type="Texture2D" uid="uid://prij23sff3e1" path="res://assets/ui/button_medium_black_hovered.svg" id="7_dovf1"]
[ext_resource type="Texture2D" uid="uid://by4uqhn0ryhok" path="res://assets/ui/button_square_red_hovered.svg" id="9_2ddkh"]
[ext_resource type="Texture2D" uid="uid://bc4qfn0uowb82" path="res://assets/ui/button_small_black.svg" id="9_xlc31"]
[ext_resource type="Texture2D" uid="uid://dj3hi0w4kd56r" path="res://assets/ui/button_small_yellow.svg" id="10_ovxqm"]
[ext_resource type="Texture2D" uid="uid://ko1ey7nimnr0" path="res://assets/textures/background_random.png" id="11_7bc5e"]
[ext_resource type="Texture2D" uid="uid://exouyxihwrql" path="res://assets/ui/button_square_black.svg" id="11_8214g"]
[ext_resource type="Texture2D" uid="uid://h0er7x4rnj65" path="res://assets/ui/icon_go_previous.svg" id="12_m5h86"]
[ext_resource type="Texture2D" uid="uid://blwvui1f3ksl8" path="res://assets/ui/button_square_black_hovered.svg" id="13_8a4n5"]
[ext_resource type="Texture2D" uid="uid://dy15pyjjlg4lr" path="res://assets/ui/icon_go_next.svg" id="13_kpnib"]
[ext_resource type="Texture2D" uid="uid://bckp53r05hhqh" path="res://assets/ui/icon_document_open.svg" id="15_2pmqg"]
[ext_resource type="Texture2D" uid="uid://hobjwftb1w8g" path="res://assets/ui/icon_button_toggled.svg" id="15_hgx7k"]
[ext_resource type="ButtonGroup" uid="uid://bwdjwcagoph3t" path="res://tres/button_group_distance.tres" id="16_1dsj3"]
[ext_resource type="Texture2D" uid="uid://ycb1tn8lyggx" path="res://assets/ui/icon_button_checked.svg" id="16_cpwvy"]
[ext_resource type="Texture2D" uid="uid://l82f4cxyfykt" path="res://assets/ui/icon_button_toggled_disabled.svg" id="16_ox1j0"]
[ext_resource type="Texture2D" uid="uid://bp0hravc0gji8" path="res://assets/ui/button_small_black_hovered.svg" id="17_0er6f"]
[ext_resource type="Texture2D" uid="uid://b4cx7t8pscuup" path="res://assets/ui/icon_button_unchecked.svg" id="17_7pka1"]
[ext_resource type="Texture2D" uid="uid://b6um4p5rlenya" path="res://assets/ui/icon_button_untoggled.svg" id="17_xp6tl"]
[ext_resource type="Texture2D" uid="uid://47gqvwqaojc3" path="res://assets/ui/icon_button_untoggled_disabled.svg" id="18_ug7s7"]
[ext_resource type="SpriteFrames" uid="uid://b0yemgiso0cst" path="res://tres/sprites_cat.tres" id="24_ga21l"]
[ext_resource type="SpriteFrames" uid="uid://d1hk4e2eogq5f" path="res://tres/sprites_dog.tres" id="25_68ywh"]
[ext_resource type="SpriteFrames" uid="uid://dh3ow3lsrmf1n" path="res://tres/sprites_adventure_boy.tres" id="26_3j4k6"]
[ext_resource type="Texture2D" uid="uid://bymwxp8xa261d" path="res://tres/texture_sprite_empty.tres" id="28_7eddp"]
[ext_resource type="SpriteFrames" uid="uid://c7ksim4md6g0v" path="res://tres/sprites_ninja_girl.tres" id="29_ipf6f"]

[node name="SetupLocal" type="Control"]
layout_mode = 3
anchors_preset = 15
anchor_right = 1.0
anchor_bottom = 1.0
grow_horizontal = 2
grow_vertical = 2
script = ExtResource("2_5vba8")

[node name="VBoxSetupLocal" type="VBoxContainer" parent="."]
layout_mode = 0
offset_right = 1920.0
offset_bottom = 1080.0
theme = ExtResource("1_qr5ey")

[node name="MarginTop" type="MarginContainer" parent="VBoxSetupLocal"]
layout_mode = 2
theme_override_constants/margin_left = 8
theme_override_constants/margin_top = 8
theme_override_constants/margin_right = 8
theme_override_constants/margin_bottom = 8

[node name="ButtonStart" type="TextureButton" parent="VBoxSetupLocal/MarginTop"]
layout_mode = 2
size_flags_horizontal = 0
texture_normal = ExtResource("2_og1lr")
texture_pressed = ExtResource("4_k8r1d")
texture_hover = ExtResource("4_k8r1d")

[node name="LabelButtonStart" type="Label" parent="VBoxSetupLocal/MarginTop/ButtonStart"]
layout_mode = 1
anchors_preset = 15
anchor_right = 1.0
anchor_bottom = 1.0
grow_horizontal = 2
grow_vertical = 2
text = "Start Game"
horizontal_alignment = 1
vertical_alignment = 1

[node name="CenterMode" type="CenterContainer" parent="VBoxSetupLocal/MarginTop"]
layout_mode = 2
size_flags_horizontal = 4

[node name="HBoxMode" type="HBoxContainer" parent="VBoxSetupLocal/MarginTop/CenterMode"]
layout_mode = 2
theme_override_constants/separation = 0

[node name="ButtonTeamMode" type="TextureButton" parent="VBoxSetupLocal/MarginTop/CenterMode/HBoxMode"]
layout_mode = 2
toggle_mode = true
button_pressed = true
button_group = ExtResource("5_ntbbn")
texture_normal = ExtResource("1_x2j7l")
texture_pressed = ExtResource("4_1jtbg")
texture_hover = ExtResource("7_dovf1")

[node name="LabelButtonTeamMode" type="Label" parent="VBoxSetupLocal/MarginTop/CenterMode/HBoxMode/ButtonTeamMode"]
layout_mode = 1
anchors_preset = 15
anchor_right = 1.0
anchor_bottom = 1.0
grow_horizontal = 2
grow_vertical = 2
text = "Team Mode"
horizontal_alignment = 1
vertical_alignment = 1

[node name="ButtonPlayerMode" type="TextureButton" parent="VBoxSetupLocal/MarginTop/CenterMode/HBoxMode"]
layout_mode = 2
toggle_mode = true
button_group = ExtResource("5_ntbbn")
texture_normal = ExtResource("1_x2j7l")
texture_pressed = ExtResource("4_1jtbg")
texture_hover = ExtResource("7_dovf1")

[node name="LabelButtonPlayerMode" type="Label" parent="VBoxSetupLocal/MarginTop/CenterMode/HBoxMode/ButtonPlayerMode"]
layout_mode = 1
anchors_preset = 15
anchor_right = 1.0
anchor_bottom = 1.0
grow_horizontal = 2
grow_vertical = 2
text = "Player Mode"
horizontal_alignment = 1
vertical_alignment = 1

[node name="ButtonBack" type="TextureButton" parent="VBoxSetupLocal/MarginTop"]
layout_mode = 2
size_flags_horizontal = 8
texture_normal = ExtResource("6_34b48")
texture_pressed = ExtResource("9_2ddkh")
texture_hover = ExtResource("9_2ddkh")

[node name="IconButtonBack" type="TextureRect" parent="VBoxSetupLocal/MarginTop/ButtonBack"]
layout_mode = 1
anchors_preset = 8
anchor_left = 0.5
anchor_top = 0.5
anchor_right = 0.5
anchor_bottom = 0.5
offset_left = -24.0
offset_top = -24.0
offset_right = 24.0
offset_bottom = 24.0
grow_horizontal = 2
grow_vertical = 2
texture = ExtResource("5_p1ig3")

[node name="TextureBackground" type="TextureRect" parent="VBoxSetupLocal"]
custom_minimum_size = Vector2(1920, 0)
layout_mode = 2
size_flags_vertical = 3
texture = ExtResource("11_7bc5e")
expand_mode = 1
stretch_mode = 1

[node name="MarginMain" type="MarginContainer" parent="VBoxSetupLocal/TextureBackground"]
layout_mode = 1
anchors_preset = 15
anchor_right = 1.0
anchor_bottom = 1.0
offset_bottom = 4.0
grow_horizontal = 2
grow_vertical = 2
size_flags_vertical = 3
theme_override_constants/margin_left = 16
theme_override_constants/margin_top = 16
theme_override_constants/margin_right = 16
theme_override_constants/margin_bottom = 16

[node name="HBoxMain" type="HBoxContainer" parent="VBoxSetupLocal/TextureBackground/MarginMain"]
layout_mode = 2
theme_override_constants/separation = 64

[node name="PanelLeft" type="PanelContainer" parent="VBoxSetupLocal/TextureBackground/MarginMain/HBoxMain"]
layout_mode = 2

[node name="MarginLeft" type="MarginContainer" parent="VBoxSetupLocal/TextureBackground/MarginMain/HBoxMain/PanelLeft"]
layout_mode = 2
theme_override_constants/margin_left = 16
theme_override_constants/margin_top = 16
theme_override_constants/margin_right = 16
theme_override_constants/margin_bottom = 16

[node name="VBoxLeft" type="VBoxContainer" parent="VBoxSetupLocal/TextureBackground/MarginMain/HBoxMain/PanelLeft/MarginLeft"]
layout_mode = 2
theme_override_constants/separation = 32

[node name="VBoxFile" type="VBoxContainer" parent="VBoxSetupLocal/TextureBackground/MarginMain/HBoxMain/PanelLeft/MarginLeft/VBoxLeft"]
layout_mode = 2
size_flags_vertical = 3
theme_override_constants/separation = 8

[node name="HBoxFile" type="HBoxContainer" parent="VBoxSetupLocal/TextureBackground/MarginMain/HBoxMain/PanelLeft/MarginLeft/VBoxLeft/VBoxFile"]
layout_mode = 2
theme_override_constants/separation = 16

[node name="LabelFile" type="Label" parent="VBoxSetupLocal/TextureBackground/MarginMain/HBoxMain/PanelLeft/MarginLeft/VBoxLeft/VBoxFile/HBoxFile"]
layout_mode = 2
size_flags_horizontal = 3
text = "No File Loaded"
clip_text = true
text_overrun_behavior = 3

[node name="ButtonFile" type="TextureButton" parent="VBoxSetupLocal/TextureBackground/MarginMain/HBoxMain/PanelLeft/MarginLeft/VBoxLeft/VBoxFile/HBoxFile"]
layout_mode = 2
tooltip_text = "Open File"
texture_normal = ExtResource("11_8214g")
texture_pressed = ExtResource("13_8a4n5")
texture_hover = ExtResource("13_8a4n5")

[node name="IconButtonFile" type="TextureRect" parent="VBoxSetupLocal/TextureBackground/MarginMain/HBoxMain/PanelLeft/MarginLeft/VBoxLeft/VBoxFile/HBoxFile/ButtonFile"]
layout_mode = 1
anchors_preset = 8
anchor_left = 0.5
anchor_top = 0.5
anchor_right = 0.5
anchor_bottom = 0.5
offset_left = -4.0
offset_top = -4.0
offset_right = 4.0
offset_bottom = 4.0
grow_horizontal = 2
grow_vertical = 2
texture = ExtResource("15_2pmqg")

[node name="TreeUnits" type="Tree" parent="VBoxSetupLocal/TextureBackground/MarginMain/HBoxMain/PanelLeft/MarginLeft/VBoxLeft/VBoxFile"]
auto_translate_mode = 2
layout_mode = 2
size_flags_vertical = 3
theme_override_colors/font_color = Color(1, 1, 1, 1)
theme_override_constants/item_margin = 0
theme_override_icons/checked = ExtResource("16_cpwvy")
theme_override_icons/unchecked = ExtResource("17_7pka1")
hide_root = true
select_mode = 1
scroll_horizontal_enabled = false

[node name="VBoxPlayer" type="VBoxContainer" parent="VBoxSetupLocal/TextureBackground/MarginMain/HBoxMain/PanelLeft/MarginLeft/VBoxLeft"]
layout_mode = 2
theme_override_constants/separation = 8

[node name="LabelPlayer" type="Label" parent="VBoxSetupLocal/TextureBackground/MarginMain/HBoxMain/PanelLeft/MarginLeft/VBoxLeft/VBoxPlayer"]
layout_mode = 2
text = "Number of Players:"

[node name="HBoxPlayer" type="HBoxContainer" parent="VBoxSetupLocal/TextureBackground/MarginMain/HBoxMain/PanelLeft/MarginLeft/VBoxLeft/VBoxPlayer"]
layout_mode = 2
theme_override_constants/separation = 16

[node name="SliderPlayerNumber" type="HSlider" parent="VBoxSetupLocal/TextureBackground/MarginMain/HBoxMain/PanelLeft/MarginLeft/VBoxLeft/VBoxPlayer/HBoxPlayer"]
layout_mode = 2
size_flags_horizontal = 3
size_flags_vertical = 1
min_value = 4.0
max_value = 16.0
value = 10.0

[node name="LabelPlayerNumber" type="Label" parent="VBoxSetupLocal/TextureBackground/MarginMain/HBoxMain/PanelLeft/MarginLeft/VBoxLeft/VBoxPlayer/HBoxPlayer"]
auto_translate_mode = 2
custom_minimum_size = Vector2(48, 0)
layout_mode = 2
text = "10"
horizontal_alignment = 2

[node name="VBoxDistance" type="VBoxContainer" parent="VBoxSetupLocal/TextureBackground/MarginMain/HBoxMain/PanelLeft/MarginLeft/VBoxLeft"]
layout_mode = 2
theme_override_constants/separation = 8

[node name="LabelDistance" type="Label" parent="VBoxSetupLocal/TextureBackground/MarginMain/HBoxMain/PanelLeft/MarginLeft/VBoxLeft/VBoxDistance"]
layout_mode = 2
text = "Game Distance:"

[node name="HBoxDistance" type="HBoxContainer" parent="VBoxSetupLocal/TextureBackground/MarginMain/HBoxMain/PanelLeft/MarginLeft/VBoxLeft/VBoxDistance"]
layout_mode = 2

[node name="ButtonShort" type="TextureButton" parent="VBoxSetupLocal/TextureBackground/MarginMain/HBoxMain/PanelLeft/MarginLeft/VBoxLeft/VBoxDistance/HBoxDistance"]
layout_mode = 2
toggle_mode = true
button_group = ExtResource("16_1dsj3")
texture_normal = ExtResource("9_xlc31")
texture_pressed = ExtResource("10_ovxqm")
texture_hover = ExtResource("17_0er6f")

[node name="LabelButtonShort" type="Label" parent="VBoxSetupLocal/TextureBackground/MarginMain/HBoxMain/PanelLeft/MarginLeft/VBoxLeft/VBoxDistance/HBoxDistance/ButtonShort"]
layout_mode = 1
anchors_preset = 15
anchor_right = 1.0
anchor_bottom = 1.0
grow_horizontal = 2
grow_vertical = 2
size_flags_horizontal = 3
text = "100 m"
horizontal_alignment = 1
vertical_alignment = 1

[node name="ButtonNormal" type="TextureButton" parent="VBoxSetupLocal/TextureBackground/MarginMain/HBoxMain/PanelLeft/MarginLeft/VBoxLeft/VBoxDistance/HBoxDistance"]
layout_mode = 2
toggle_mode = true
button_pressed = true
button_group = ExtResource("16_1dsj3")
texture_normal = ExtResource("9_xlc31")
texture_pressed = ExtResource("10_ovxqm")
texture_hover = ExtResource("17_0er6f")

[node name="LabelButtonNormal" type="Label" parent="VBoxSetupLocal/TextureBackground/MarginMain/HBoxMain/PanelLeft/MarginLeft/VBoxLeft/VBoxDistance/HBoxDistance/ButtonNormal"]
layout_mode = 1
anchors_preset = 15
anchor_right = 1.0
anchor_bottom = 1.0
grow_horizontal = 2
grow_vertical = 2
size_flags_horizontal = 3
text = "400 m"
horizontal_alignment = 1
vertical_alignment = 1

[node name="ButtonLong" type="TextureButton" parent="VBoxSetupLocal/TextureBackground/MarginMain/HBoxMain/PanelLeft/MarginLeft/VBoxLeft/VBoxDistance/HBoxDistance"]
layout_mode = 2
toggle_mode = true
button_group = ExtResource("16_1dsj3")
texture_normal = ExtResource("9_xlc31")
texture_pressed = ExtResource("10_ovxqm")
texture_hover = ExtResource("17_0er6f")

[node name="LabelButtonLong" type="Label" parent="VBoxSetupLocal/TextureBackground/MarginMain/HBoxMain/PanelLeft/MarginLeft/VBoxLeft/VBoxDistance/HBoxDistance/ButtonLong"]
layout_mode = 1
anchors_preset = 15
anchor_right = 1.0
anchor_bottom = 1.0
grow_horizontal = 2
grow_vertical = 2
size_flags_horizontal = 3
text = "1000 m"
horizontal_alignment = 1
vertical_alignment = 1

[node name="VBoxBackground" type="VBoxContainer" parent="VBoxSetupLocal/TextureBackground/MarginMain/HBoxMain/PanelLeft/MarginLeft/VBoxLeft"]
layout_mode = 2
theme_override_constants/separation = 8

[node name="LabelBackground" type="Label" parent="VBoxSetupLocal/TextureBackground/MarginMain/HBoxMain/PanelLeft/MarginLeft/VBoxLeft/VBoxBackground"]
layout_mode = 2
text = "Background:"

[node name="PanelBackground" type="PanelContainer" parent="VBoxSetupLocal/TextureBackground/MarginMain/HBoxMain/PanelLeft/MarginLeft/VBoxLeft/VBoxBackground"]
layout_mode = 2

[node name="HBoxBackground" type="HBoxContainer" parent="VBoxSetupLocal/TextureBackground/MarginMain/HBoxMain/PanelLeft/MarginLeft/VBoxLeft/VBoxBackground/PanelBackground"]
layout_mode = 2
size_flags_horizontal = 4
theme_override_constants/separation = 32

[node name="ButtonBackgroundLeft" type="TextureButton" parent="VBoxSetupLocal/TextureBackground/MarginMain/HBoxMain/PanelLeft/MarginLeft/VBoxLeft/VBoxBackground/PanelBackground/HBoxBackground"]
layout_mode = 2
size_flags_vertical = 4
texture_normal = ExtResource("11_8214g")
texture_pressed = ExtResource("13_8a4n5")
texture_hover = ExtResource("13_8a4n5")

[node name="IconButtonBackgroundLeft" type="TextureRect" parent="VBoxSetupLocal/TextureBackground/MarginMain/HBoxMain/PanelLeft/MarginLeft/VBoxLeft/VBoxBackground/PanelBackground/HBoxBackground/ButtonBackgroundLeft"]
layout_mode = 1
anchors_preset = 8
anchor_left = 0.5
anchor_top = 0.5
anchor_right = 0.5
anchor_bottom = 0.5
offset_left = -24.0
offset_top = -24.0
offset_right = 24.0
offset_bottom = 24.0
grow_horizontal = 2
grow_vertical = 2
size_flags_horizontal = 3
texture = ExtResource("12_m5h86")

[node name="CenterBackground" type="CenterContainer" parent="VBoxSetupLocal/TextureBackground/MarginMain/HBoxMain/PanelLeft/MarginLeft/VBoxLeft/VBoxBackground/PanelBackground/HBoxBackground"]
custom_minimum_size = Vector2(128, 128)
layout_mode = 2

[node name="TextureBackground" type="TextureRect" parent="VBoxSetupLocal/TextureBackground/MarginMain/HBoxMain/PanelLeft/MarginLeft/VBoxLeft/VBoxBackground/PanelBackground/HBoxBackground/CenterBackground"]
custom_minimum_size = Vector2(112, 112)
layout_mode = 2
texture = ExtResource("11_7bc5e")
expand_mode = 1
stretch_mode = 4

[node name="BackgroundLabel" type="Label" parent="VBoxSetupLocal/TextureBackground/MarginMain/HBoxMain/PanelLeft/MarginLeft/VBoxLeft/VBoxBackground/PanelBackground/HBoxBackground/CenterBackground/TextureBackground"]
auto_translate_mode = 2
layout_mode = 1
anchors_preset = 8
anchor_left = 0.5
anchor_top = 0.5
anchor_right = 0.5
anchor_bottom = 0.5
offset_left = -7.0
offset_top = -22.5
offset_right = 7.0
offset_bottom = 22.5
grow_horizontal = 2
grow_vertical = 2
theme_override_colors/font_color = Color(0, 0, 0, 1)
theme_override_font_sizes/font_size = 64
text = "?"

[node name="ButtonBackgroundRight" type="TextureButton" parent="VBoxSetupLocal/TextureBackground/MarginMain/HBoxMain/PanelLeft/MarginLeft/VBoxLeft/VBoxBackground/PanelBackground/HBoxBackground"]
layout_mode = 2
size_flags_vertical = 4
texture_normal = ExtResource("11_8214g")
texture_pressed = ExtResource("13_8a4n5")
texture_hover = ExtResource("13_8a4n5")

[node name="IconButtonBackgroundRight" type="TextureRect" parent="VBoxSetupLocal/TextureBackground/MarginMain/HBoxMain/PanelLeft/MarginLeft/VBoxLeft/VBoxBackground/PanelBackground/HBoxBackground/ButtonBackgroundRight"]
layout_mode = 1
anchors_preset = 8
anchor_left = 0.5
anchor_top = 0.5
anchor_right = 0.5
anchor_bottom = 0.5
offset_left = -24.0
offset_top = -24.0
offset_right = 24.0
offset_bottom = 24.0
grow_horizontal = 2
grow_vertical = 2
size_flags_horizontal = 3
texture = ExtResource("13_kpnib")

[node name="PanelRight" type="PanelContainer" parent="VBoxSetupLocal/TextureBackground/MarginMain/HBoxMain"]
layout_mode = 2
size_flags_horizontal = 3

[node name="MarginRight" type="MarginContainer" parent="VBoxSetupLocal/TextureBackground/MarginMain/HBoxMain/PanelRight"]
layout_mode = 2
theme_override_constants/margin_left = 16
theme_override_constants/margin_top = 16
theme_override_constants/margin_right = 16
theme_override_constants/margin_bottom = 16

[node name="GridRight" type="GridContainer" parent="VBoxSetupLocal/TextureBackground/MarginMain/HBoxMain/PanelRight/MarginRight"]
layout_mode = 2
theme_override_constants/h_separation = 64
theme_override_constants/v_separation = 64
columns = 2

[node name="VBoxTeam1" type="VBoxContainer" parent="VBoxSetupLocal/TextureBackground/MarginMain/HBoxMain/PanelRight/MarginRight/GridRight"]
layout_mode = 2
size_flags_horizontal = 3
size_flags_vertical = 3
theme_override_constants/separation = 16

[node name="CheckButton1" type="CheckButton" parent="VBoxSetupLocal/TextureBackground/MarginMain/HBoxMain/PanelRight/MarginRight/GridRight/VBoxTeam1"]
layout_mode = 2
focus_mode = 0
theme_override_font_sizes/font_size = 40
theme_override_icons/checked = ExtResource("15_hgx7k")
theme_override_icons/unchecked = ExtResource("17_xp6tl")
theme_override_icons/checked_disabled = ExtResource("16_ox1j0")
theme_override_icons/unchecked_disabled = ExtResource("18_ug7s7")
button_pressed = true
button_mask = 0
text = "Team 1"

[node name="HBoxName1" type="HBoxContainer" parent="VBoxSetupLocal/TextureBackground/MarginMain/HBoxMain/PanelRight/MarginRight/GridRight/VBoxTeam1"]
layout_mode = 2
theme_override_constants/separation = 16

[node name="LabelName1" type="Label" parent="VBoxSetupLocal/TextureBackground/MarginMain/HBoxMain/PanelRight/MarginRight/GridRight/VBoxTeam1/HBoxName1"]
layout_mode = 2
text = "Name:"

[node name="LineName1" type="LineEdit" parent="VBoxSetupLocal/TextureBackground/MarginMain/HBoxMain/PanelRight/MarginRight/GridRight/VBoxTeam1/HBoxName1"]
auto_translate_mode = 2
layout_mode = 2
size_flags_horizontal = 3
theme_override_colors/font_color = Color(1, 1, 1, 1)
max_length = 24
context_menu_enabled = false
shortcut_keys_enabled = false

[node name="PanelSprite1" type="PanelContainer" parent="VBoxSetupLocal/TextureBackground/MarginMain/HBoxMain/PanelRight/MarginRight/GridRight/VBoxTeam1"]
layout_mode = 2

[node name="HBoxSprite1" type="HBoxContainer" parent="VBoxSetupLocal/TextureBackground/MarginMain/HBoxMain/PanelRight/MarginRight/GridRight/VBoxTeam1/PanelSprite1"]
custom_minimum_size = Vector2(0, 136)
layout_mode = 2
size_flags_horizontal = 4

[node name="ButtonSprite1Left" type="TextureButton" parent="VBoxSetupLocal/TextureBackground/MarginMain/HBoxMain/PanelRight/MarginRight/GridRight/VBoxTeam1/PanelSprite1/HBoxSprite1"]
layout_mode = 2
size_flags_vertical = 4
texture_normal = ExtResource("11_8214g")
texture_pressed = ExtResource("13_8a4n5")
texture_hover = ExtResource("13_8a4n5")

[node name="IconButtonSprite1Left" type="TextureRect" parent="VBoxSetupLocal/TextureBackground/MarginMain/HBoxMain/PanelRight/MarginRight/GridRight/VBoxTeam1/PanelSprite1/HBoxSprite1/ButtonSprite1Left"]
layout_mode = 1
anchors_preset = 8
anchor_left = 0.5
anchor_top = 0.5
anchor_right = 0.5
anchor_bottom = 0.5
offset_left = -24.0
offset_top = -24.0
offset_right = 24.0
offset_bottom = 24.0
grow_horizontal = 2
grow_vertical = 2
size_flags_horizontal = 3
texture = ExtResource("12_m5h86")

[node name="TextureSprite1" type="TextureRect" parent="VBoxSetupLocal/TextureBackground/MarginMain/HBoxMain/PanelRight/MarginRight/GridRight/VBoxTeam1/PanelSprite1/HBoxSprite1"]
custom_minimum_size = Vector2(240, 120)
layout_mode = 2
size_flags_vertical = 4
expand_mode = 1

[node name="SpriteTeam1" type="AnimatedSprite2D" parent="VBoxSetupLocal/TextureBackground/MarginMain/HBoxMain/PanelRight/MarginRight/GridRight/VBoxTeam1/PanelSprite1/HBoxSprite1/TextureSprite1"]
sprite_frames = ExtResource("24_ga21l")
animation = &"idle"
autoplay = "idle"
centered = false

[node name="ButtonSprite1Right" type="TextureButton" parent="VBoxSetupLocal/TextureBackground/MarginMain/HBoxMain/PanelRight/MarginRight/GridRight/VBoxTeam1/PanelSprite1/HBoxSprite1"]
layout_mode = 2
size_flags_vertical = 4
texture_normal = ExtResource("11_8214g")
texture_pressed = ExtResource("13_8a4n5")
texture_hover = ExtResource("13_8a4n5")

[node name="IconButtonSprite1Right" type="TextureRect" parent="VBoxSetupLocal/TextureBackground/MarginMain/HBoxMain/PanelRight/MarginRight/GridRight/VBoxTeam1/PanelSprite1/HBoxSprite1/ButtonSprite1Right"]
layout_mode = 1
anchors_preset = 8
anchor_left = 0.5
anchor_top = 0.5
anchor_right = 0.5
anchor_bottom = 0.5
offset_left = -24.0
offset_top = -24.0
offset_right = 24.0
offset_bottom = 24.0
grow_horizontal = 2
grow_vertical = 2
size_flags_horizontal = 3
texture = ExtResource("13_kpnib")

[node name="VBoxTeam2" type="VBoxContainer" parent="VBoxSetupLocal/TextureBackground/MarginMain/HBoxMain/PanelRight/MarginRight/GridRight"]
layout_mode = 2
size_flags_horizontal = 3
size_flags_vertical = 3
theme_override_constants/separation = 16

[node name="CheckButton2" type="CheckButton" parent="VBoxSetupLocal/TextureBackground/MarginMain/HBoxMain/PanelRight/MarginRight/GridRight/VBoxTeam2"]
layout_mode = 2
focus_mode = 0
theme_override_font_sizes/font_size = 40
theme_override_icons/checked = ExtResource("15_hgx7k")
theme_override_icons/unchecked = ExtResource("17_xp6tl")
theme_override_icons/checked_disabled = ExtResource("16_ox1j0")
theme_override_icons/unchecked_disabled = ExtResource("18_ug7s7")
button_pressed = true
button_mask = 0
text = "Team 2"

[node name="HBoxName2" type="HBoxContainer" parent="VBoxSetupLocal/TextureBackground/MarginMain/HBoxMain/PanelRight/MarginRight/GridRight/VBoxTeam2"]
layout_mode = 2
theme_override_constants/separation = 16

[node name="LabelName2" type="Label" parent="VBoxSetupLocal/TextureBackground/MarginMain/HBoxMain/PanelRight/MarginRight/GridRight/VBoxTeam2/HBoxName2"]
layout_mode = 2
text = "Name:"

[node name="LineName2" type="LineEdit" parent="VBoxSetupLocal/TextureBackground/MarginMain/HBoxMain/PanelRight/MarginRight/GridRight/VBoxTeam2/HBoxName2"]
auto_translate_mode = 2
layout_mode = 2
size_flags_horizontal = 3
theme_override_colors/font_color = Color(1, 1, 1, 1)
max_length = 24
context_menu_enabled = false
shortcut_keys_enabled = false

[node name="PanelSprite2" type="PanelContainer" parent="VBoxSetupLocal/TextureBackground/MarginMain/HBoxMain/PanelRight/MarginRight/GridRight/VBoxTeam2"]
layout_mode = 2

[node name="HBoxSprite2" type="HBoxContainer" parent="VBoxSetupLocal/TextureBackground/MarginMain/HBoxMain/PanelRight/MarginRight/GridRight/VBoxTeam2/PanelSprite2"]
custom_minimum_size = Vector2(0, 136)
layout_mode = 2
size_flags_horizontal = 4

[node name="ButtonSprite2Left" type="TextureButton" parent="VBoxSetupLocal/TextureBackground/MarginMain/HBoxMain/PanelRight/MarginRight/GridRight/VBoxTeam2/PanelSprite2/HBoxSprite2"]
layout_mode = 2
size_flags_vertical = 4
texture_normal = ExtResource("11_8214g")
texture_pressed = ExtResource("13_8a4n5")
texture_hover = ExtResource("13_8a4n5")

[node name="IconButtonSprite2Left" type="TextureRect" parent="VBoxSetupLocal/TextureBackground/MarginMain/HBoxMain/PanelRight/MarginRight/GridRight/VBoxTeam2/PanelSprite2/HBoxSprite2/ButtonSprite2Left"]
layout_mode = 1
anchors_preset = 8
anchor_left = 0.5
anchor_top = 0.5
anchor_right = 0.5
anchor_bottom = 0.5
offset_left = -24.0
offset_top = -24.0
offset_right = 24.0
offset_bottom = 24.0
grow_horizontal = 2
grow_vertical = 2
size_flags_horizontal = 3
texture = ExtResource("12_m5h86")

[node name="TextureSprite2" type="TextureRect" parent="VBoxSetupLocal/TextureBackground/MarginMain/HBoxMain/PanelRight/MarginRight/GridRight/VBoxTeam2/PanelSprite2/HBoxSprite2"]
custom_minimum_size = Vector2(240, 120)
layout_mode = 2
size_flags_vertical = 4

[node name="SpriteTeam2" type="AnimatedSprite2D" parent="VBoxSetupLocal/TextureBackground/MarginMain/HBoxMain/PanelRight/MarginRight/GridRight/VBoxTeam2/PanelSprite2/HBoxSprite2/TextureSprite2"]
sprite_frames = ExtResource("25_68ywh")
animation = &"idle"
autoplay = "idle"
centered = false

[node name="ButtonSprite2Right" type="TextureButton" parent="VBoxSetupLocal/TextureBackground/MarginMain/HBoxMain/PanelRight/MarginRight/GridRight/VBoxTeam2/PanelSprite2/HBoxSprite2"]
layout_mode = 2
size_flags_vertical = 4
texture_normal = ExtResource("11_8214g")
texture_pressed = ExtResource("13_8a4n5")
texture_hover = ExtResource("13_8a4n5")

[node name="IconButtonSprite2Right" type="TextureRect" parent="VBoxSetupLocal/TextureBackground/MarginMain/HBoxMain/PanelRight/MarginRight/GridRight/VBoxTeam2/PanelSprite2/HBoxSprite2/ButtonSprite2Right"]
custom_minimum_size = Vector2(48, 48)
layout_mode = 1
anchors_preset = 8
anchor_left = 0.5
anchor_top = 0.5
anchor_right = 0.5
anchor_bottom = 0.5
offset_left = -24.0
offset_top = -24.0
offset_right = 24.0
offset_bottom = 24.0
grow_horizontal = 2
grow_vertical = 2
size_flags_horizontal = 3
texture = ExtResource("13_kpnib")

[node name="VBoxTeam3" type="VBoxContainer" parent="VBoxSetupLocal/TextureBackground/MarginMain/HBoxMain/PanelRight/MarginRight/GridRight"]
layout_mode = 2
size_flags_horizontal = 3
size_flags_vertical = 3
theme_override_constants/separation = 16

[node name="CheckButton3" type="CheckButton" parent="VBoxSetupLocal/TextureBackground/MarginMain/HBoxMain/PanelRight/MarginRight/GridRight/VBoxTeam3"]
layout_mode = 2
focus_mode = 0
theme_override_colors/font_hover_color = Color(1, 1, 1, 1)
theme_override_colors/font_color = Color(1, 1, 1, 1)
theme_override_font_sizes/font_size = 40
theme_override_icons/checked = ExtResource("15_hgx7k")
theme_override_icons/unchecked = ExtResource("17_xp6tl")
theme_override_icons/checked_disabled = ExtResource("16_ox1j0")
theme_override_icons/unchecked_disabled = ExtResource("18_ug7s7")
text = "Team 3"

[node name="HBoxName3" type="HBoxContainer" parent="VBoxSetupLocal/TextureBackground/MarginMain/HBoxMain/PanelRight/MarginRight/GridRight/VBoxTeam3"]
layout_mode = 2
theme_override_constants/separation = 16

[node name="LabelName3" type="Label" parent="VBoxSetupLocal/TextureBackground/MarginMain/HBoxMain/PanelRight/MarginRight/GridRight/VBoxTeam3/HBoxName3"]
layout_mode = 2
theme_override_colors/font_color = Color(1, 1, 1, 0.4)
text = "Name:"

[node name="LineName3" type="LineEdit" parent="VBoxSetupLocal/TextureBackground/MarginMain/HBoxMain/PanelRight/MarginRight/GridRight/VBoxTeam3/HBoxName3"]
auto_translate_mode = 2
layout_mode = 2
size_flags_horizontal = 3
mouse_filter = 2
theme_override_colors/font_color = Color(1, 1, 1, 1)
max_length = 24
editable = false
context_menu_enabled = false
shortcut_keys_enabled = false

[node name="PanelSprite3" type="PanelContainer" parent="VBoxSetupLocal/TextureBackground/MarginMain/HBoxMain/PanelRight/MarginRight/GridRight/VBoxTeam3"]
modulate = Color(1, 1, 1, 0.4)
layout_mode = 2

[node name="HBoxSprite3" type="HBoxContainer" parent="VBoxSetupLocal/TextureBackground/MarginMain/HBoxMain/PanelRight/MarginRight/GridRight/VBoxTeam3/PanelSprite3"]
custom_minimum_size = Vector2(0, 136)
layout_mode = 2
size_flags_horizontal = 4

[node name="ButtonSprite3Left" type="TextureButton" parent="VBoxSetupLocal/TextureBackground/MarginMain/HBoxMain/PanelRight/MarginRight/GridRight/VBoxTeam3/PanelSprite3/HBoxSprite3"]
layout_mode = 2
size_flags_vertical = 4
disabled = true
texture_normal = ExtResource("11_8214g")
texture_pressed = ExtResource("13_8a4n5")
texture_hover = ExtResource("13_8a4n5")

[node name="IconButtonSprite3Left" type="TextureRect" parent="VBoxSetupLocal/TextureBackground/MarginMain/HBoxMain/PanelRight/MarginRight/GridRight/VBoxTeam3/PanelSprite3/HBoxSprite3/ButtonSprite3Left"]
layout_mode = 1
anchors_preset = 8
anchor_left = 0.5
anchor_top = 0.5
anchor_right = 0.5
anchor_bottom = 0.5
offset_left = -24.0
offset_top = -24.0
offset_right = 24.0
offset_bottom = 24.0
grow_horizontal = 2
grow_vertical = 2
size_flags_horizontal = 3
texture = ExtResource("12_m5h86")

[node name="TextureSprite3" type="TextureRect" parent="VBoxSetupLocal/TextureBackground/MarginMain/HBoxMain/PanelRight/MarginRight/GridRight/VBoxTeam3/PanelSprite3/HBoxSprite3"]
self_modulate = Color(1, 1, 1, 0)
custom_minimum_size = Vector2(240, 120)
layout_mode = 2
size_flags_vertical = 4
texture = ExtResource("28_7eddp")

[node name="SpriteTeam3" type="AnimatedSprite2D" parent="VBoxSetupLocal/TextureBackground/MarginMain/HBoxMain/PanelRight/MarginRight/GridRight/VBoxTeam3/PanelSprite3/HBoxSprite3/TextureSprite3"]
visible = false
sprite_frames = ExtResource("26_3j4k6")
animation = &"idle"
autoplay = "idle"
centered = false

[node name="ButtonSprite3Right" type="TextureButton" parent="VBoxSetupLocal/TextureBackground/MarginMain/HBoxMain/PanelRight/MarginRight/GridRight/VBoxTeam3/PanelSprite3/HBoxSprite3"]
layout_mode = 2
size_flags_vertical = 4
disabled = true
texture_normal = ExtResource("11_8214g")
texture_pressed = ExtResource("13_8a4n5")
texture_hover = ExtResource("13_8a4n5")

[node name="IconButtonSprite3Right" type="TextureRect" parent="VBoxSetupLocal/TextureBackground/MarginMain/HBoxMain/PanelRight/MarginRight/GridRight/VBoxTeam3/PanelSprite3/HBoxSprite3/ButtonSprite3Right"]
layout_mode = 1
anchors_preset = 8
anchor_left = 0.5
anchor_top = 0.5
anchor_right = 0.5
anchor_bottom = 0.5
offset_left = -24.0
offset_top = -24.0
offset_right = 24.0
offset_bottom = 24.0
grow_horizontal = 2
grow_vertical = 2
size_flags_horizontal = 3
texture = ExtResource("13_kpnib")

[node name="VBoxTeam4" type="VBoxContainer" parent="VBoxSetupLocal/TextureBackground/MarginMain/HBoxMain/PanelRight/MarginRight/GridRight"]
layout_mode = 2
size_flags_horizontal = 3
size_flags_vertical = 3
theme_override_constants/separation = 16

[node name="CheckButton4" type="CheckButton" parent="VBoxSetupLocal/TextureBackground/MarginMain/HBoxMain/PanelRight/MarginRight/GridRight/VBoxTeam4"]
layout_mode = 2
focus_mode = 0
theme_override_colors/font_hover_color = Color(1, 1, 1, 1)
theme_override_colors/font_color = Color(1, 1, 1, 1)
theme_override_font_sizes/font_size = 40
theme_override_icons/checked = ExtResource("15_hgx7k")
theme_override_icons/unchecked = ExtResource("17_xp6tl")
theme_override_icons/checked_disabled = ExtResource("16_ox1j0")
theme_override_icons/unchecked_disabled = ExtResource("18_ug7s7")
disabled = true
text = "Team 4"

[node name="HBoxName4" type="HBoxContainer" parent="VBoxSetupLocal/TextureBackground/MarginMain/HBoxMain/PanelRight/MarginRight/GridRight/VBoxTeam4"]
layout_mode = 2
theme_override_constants/separation = 16

[node name="LabelName4" type="Label" parent="VBoxSetupLocal/TextureBackground/MarginMain/HBoxMain/PanelRight/MarginRight/GridRight/VBoxTeam4/HBoxName4"]
layout_mode = 2
theme_override_colors/font_color = Color(1, 1, 1, 0.4)
text = "Name:"

[node name="LineName4" type="LineEdit" parent="VBoxSetupLocal/TextureBackground/MarginMain/HBoxMain/PanelRight/MarginRight/GridRight/VBoxTeam4/HBoxName4"]
auto_translate_mode = 2
layout_mode = 2
size_flags_horizontal = 3
mouse_filter = 2
theme_override_colors/font_color = Color(1, 1, 1, 1)
max_length = 24
editable = false
context_menu_enabled = false
shortcut_keys_enabled = false

[node name="PanelSprite4" type="PanelContainer" parent="VBoxSetupLocal/TextureBackground/MarginMain/HBoxMain/PanelRight/MarginRight/GridRight/VBoxTeam4"]
modulate = Color(1, 1, 1, 0.4)
layout_mode = 2

[node name="HBoxSprite4" type="HBoxContainer" parent="VBoxSetupLocal/TextureBackground/MarginMain/HBoxMain/PanelRight/MarginRight/GridRight/VBoxTeam4/PanelSprite4"]
custom_minimum_size = Vector2(0, 136)
layout_mode = 2
size_flags_horizontal = 4

[node name="ButtonSprite4Left" type="TextureButton" parent="VBoxSetupLocal/TextureBackground/MarginMain/HBoxMain/PanelRight/MarginRight/GridRight/VBoxTeam4/PanelSprite4/HBoxSprite4"]
layout_mode = 2
size_flags_vertical = 4
disabled = true
texture_normal = ExtResource("11_8214g")
texture_pressed = ExtResource("13_8a4n5")
texture_hover = ExtResource("13_8a4n5")

[node name="IconButtonSprite4Left" type="TextureRect" parent="VBoxSetupLocal/TextureBackground/MarginMain/HBoxMain/PanelRight/MarginRight/GridRight/VBoxTeam4/PanelSprite4/HBoxSprite4/ButtonSprite4Left"]
layout_mode = 1
anchors_preset = 8
anchor_left = 0.5
anchor_top = 0.5
anchor_right = 0.5
anchor_bottom = 0.5
offset_left = -24.0
offset_top = -24.0
offset_right = 24.0
offset_bottom = 24.0
grow_horizontal = 2
grow_vertical = 2
size_flags_horizontal = 3
texture = ExtResource("12_m5h86")

[node name="TextureSprite4" type="TextureRect" parent="VBoxSetupLocal/TextureBackground/MarginMain/HBoxMain/PanelRight/MarginRight/GridRight/VBoxTeam4/PanelSprite4/HBoxSprite4"]
self_modulate = Color(1, 1, 1, 0)
custom_minimum_size = Vector2(240, 120)
layout_mode = 2
size_flags_vertical = 4
texture = ExtResource("28_7eddp")

[node name="SpriteTeam4" type="AnimatedSprite2D" parent="VBoxSetupLocal/TextureBackground/MarginMain/HBoxMain/PanelRight/MarginRight/GridRight/VBoxTeam4/PanelSprite4/HBoxSprite4/TextureSprite4"]
visible = false
sprite_frames = ExtResource("29_ipf6f")
animation = &"idle"
autoplay = "idle"
centered = false

[node name="ButtonSprite4Right" type="TextureButton" parent="VBoxSetupLocal/TextureBackground/MarginMain/HBoxMain/PanelRight/MarginRight/GridRight/VBoxTeam4/PanelSprite4/HBoxSprite4"]
layout_mode = 2
size_flags_vertical = 4
disabled = true
texture_normal = ExtResource("11_8214g")
texture_pressed = ExtResource("13_8a4n5")
texture_hover = ExtResource("13_8a4n5")

[node name="IconButtonSprite4Right" type="TextureRect" parent="VBoxSetupLocal/TextureBackground/MarginMain/HBoxMain/PanelRight/MarginRight/GridRight/VBoxTeam4/PanelSprite4/HBoxSprite4/ButtonSprite4Right"]
layout_mode = 1
anchors_preset = 8
anchor_left = 0.5
anchor_top = 0.5
anchor_right = 0.5
anchor_bottom = 0.5
offset_left = -24.0
offset_top = -24.0
offset_right = 24.0
offset_bottom = 24.0
grow_horizontal = 2
grow_vertical = 2
size_flags_horizontal = 3
texture = ExtResource("13_kpnib")

[node name="MessageDialog" type="Window" parent="."]
position = Vector2i(656, 386)
size = Vector2i(608, 308)
visible = false
transient = true
exclusive = true
unresizable = true
borderless = true
theme = ExtResource("1_qr5ey")

[node name="MarginDialog" type="MarginContainer" parent="MessageDialog"]
offset_right = 608.0
offset_bottom = 308.0
theme_override_constants/margin_left = 4
theme_override_constants/margin_top = 4
theme_override_constants/margin_right = 4
theme_override_constants/margin_bottom = 4

[node name="TextureDialog" type="ColorRect" parent="MessageDialog/MarginDialog"]
layout_mode = 2
color = Color(0.301961, 0, 0, 1)

[node name="MarginContent" type="MarginContainer" parent="MessageDialog/MarginDialog/TextureDialog"]
layout_mode = 1
anchors_preset = 15
anchor_right = 1.0
anchor_bottom = 1.0
grow_horizontal = 2
grow_vertical = 2
theme_override_constants/margin_left = 32
theme_override_constants/margin_top = 32
theme_override_constants/margin_right = 32
theme_override_constants/margin_bottom = 32

[node name="VBoxContent" type="VBoxContainer" parent="MessageDialog/MarginDialog/TextureDialog/MarginContent"]
layout_mode = 2
theme_override_constants/separation = 32
alignment = 1

[node name="LabelDialog" type="Label" parent="MessageDialog/MarginDialog/TextureDialog/MarginContent/VBoxContent"]
layout_mode = 2
size_flags_vertical = 3
horizontal_alignment = 1
autowrap_mode = 2
text_overrun_behavior = 4
max_lines_visible = 3

[node name="ButtonDialog" type="TextureButton" parent="MessageDialog/MarginDialog/TextureDialog/MarginContent/VBoxContent"]
layout_mode = 2
size_flags_horizontal = 4
texture_normal = ExtResource("1_x2j7l")
texture_pressed = ExtResource("7_dovf1")
texture_hover = ExtResource("7_dovf1")

[node name="LabelButtonDialog" type="Label" parent="MessageDialog/MarginDialog/TextureDialog/MarginContent/VBoxContent/ButtonDialog"]
layout_mode = 1
anchors_preset = 15
anchor_right = 1.0
anchor_bottom = 1.0
grow_horizontal = 2
grow_vertical = 2
text = "Close"
horizontal_alignment = 1
vertical_alignment = 1

[connection signal="ready" from="." to="." method="_on_ready"]
[connection signal="pressed" from="VBoxSetupLocal/MarginTop/ButtonStart" to="." method="_on_button_start_pressed"]
[connection signal="toggled" from="VBoxSetupLocal/MarginTop/CenterMode/HBoxMode/ButtonTeamMode" to="." method="_on_button_game_mode_toggled"]
[connection signal="pressed" from="VBoxSetupLocal/MarginTop/ButtonBack" to="." method="_on_button_back_pressed"]
[connection signal="pressed" from="VBoxSetupLocal/TextureBackground/MarginMain/HBoxMain/PanelLeft/MarginLeft/VBoxLeft/VBoxFile/HBoxFile/ButtonFile" to="." method="_on_button_file_pressed"]
[connection signal="value_changed" from="VBoxSetupLocal/TextureBackground/MarginMain/HBoxMain/PanelLeft/MarginLeft/VBoxLeft/VBoxPlayer/HBoxPlayer/SliderPlayerNumber" to="." method="_on_slider_player_value_changed"]
[connection signal="pressed" from="VBoxSetupLocal/TextureBackground/MarginMain/HBoxMain/PanelLeft/MarginLeft/VBoxLeft/VBoxDistance/HBoxDistance/ButtonShort" to="." method="_on_button_distance_pressed" binds= [1]]
[connection signal="pressed" from="VBoxSetupLocal/TextureBackground/MarginMain/HBoxMain/PanelLeft/MarginLeft/VBoxLeft/VBoxDistance/HBoxDistance/ButtonNormal" to="." method="_on_button_distance_pressed" binds= [2]]
[connection signal="pressed" from="VBoxSetupLocal/TextureBackground/MarginMain/HBoxMain/PanelLeft/MarginLeft/VBoxLeft/VBoxDistance/HBoxDistance/ButtonLong" to="." method="_on_button_distance_pressed" binds= [3]]
[connection signal="pressed" from="VBoxSetupLocal/TextureBackground/MarginMain/HBoxMain/PanelLeft/MarginLeft/VBoxLeft/VBoxBackground/PanelBackground/HBoxBackground/ButtonBackgroundLeft" to="." method="_on_button_background_left_pressed"]
[connection signal="pressed" from="VBoxSetupLocal/TextureBackground/MarginMain/HBoxMain/PanelLeft/MarginLeft/VBoxLeft/VBoxBackground/PanelBackground/HBoxBackground/ButtonBackgroundRight" to="." method="_on_button_background_right_pressed"]
[connection signal="text_changed" from="VBoxSetupLocal/TextureBackground/MarginMain/HBoxMain/PanelRight/MarginRight/GridRight/VBoxTeam1/HBoxName1/LineName1" to="." method="_on_line_team_1_text_changed"]
[connection signal="pressed" from="VBoxSetupLocal/TextureBackground/MarginMain/HBoxMain/PanelRight/MarginRight/GridRight/VBoxTeam1/PanelSprite1/HBoxSprite1/ButtonSprite1Left" to="." method="_on_button_sprite_left_pressed" binds= [1]]
[connection signal="pressed" from="VBoxSetupLocal/TextureBackground/MarginMain/HBoxMain/PanelRight/MarginRight/GridRight/VBoxTeam1/PanelSprite1/HBoxSprite1/ButtonSprite1Right" to="." method="_on_button_sprite_right_pressed" binds= [1]]
[connection signal="text_changed" from="VBoxSetupLocal/TextureBackground/MarginMain/HBoxMain/PanelRight/MarginRight/GridRight/VBoxTeam2/HBoxName2/LineName2" to="." method="_on_line_team_2_text_changed"]
[connection signal="pressed" from="VBoxSetupLocal/TextureBackground/MarginMain/HBoxMain/PanelRight/MarginRight/GridRight/VBoxTeam2/PanelSprite2/HBoxSprite2/ButtonSprite2Left" to="." method="_on_button_sprite_left_pressed" binds= [2]]
[connection signal="pressed" from="VBoxSetupLocal/TextureBackground/MarginMain/HBoxMain/PanelRight/MarginRight/GridRight/VBoxTeam2/PanelSprite2/HBoxSprite2/ButtonSprite2Right" to="." method="_on_button_sprite_right_pressed" binds= [2]]
[connection signal="pressed" from="VBoxSetupLocal/TextureBackground/MarginMain/HBoxMain/PanelRight/MarginRight/GridRight/VBoxTeam3/CheckButton3" to="." method="_on_button_team_3_pressed"]
[connection signal="focus_entered" from="VBoxSetupLocal/TextureBackground/MarginMain/HBoxMain/PanelRight/MarginRight/GridRight/VBoxTeam3/HBoxName3/LineName3" to="." method="_on_line_team_focus_entered"]
[connection signal="focus_exited" from="VBoxSetupLocal/TextureBackground/MarginMain/HBoxMain/PanelRight/MarginRight/GridRight/VBoxTeam3/HBoxName3/LineName3" to="." method="_on_line_team_focus_exited"]
[connection signal="text_changed" from="VBoxSetupLocal/TextureBackground/MarginMain/HBoxMain/PanelRight/MarginRight/GridRight/VBoxTeam3/HBoxName3/LineName3" to="." method="_on_line_team_3_text_changed"]
[connection signal="pressed" from="VBoxSetupLocal/TextureBackground/MarginMain/HBoxMain/PanelRight/MarginRight/GridRight/VBoxTeam3/PanelSprite3/HBoxSprite3/ButtonSprite3Left" to="." method="_on_button_sprite_left_pressed" binds= [3]]
[connection signal="pressed" from="VBoxSetupLocal/TextureBackground/MarginMain/HBoxMain/PanelRight/MarginRight/GridRight/VBoxTeam3/PanelSprite3/HBoxSprite3/ButtonSprite3Right" to="." method="_on_button_sprite_right_pressed" binds= [3]]
[connection signal="pressed" from="VBoxSetupLocal/TextureBackground/MarginMain/HBoxMain/PanelRight/MarginRight/GridRight/VBoxTeam4/CheckButton4" to="." method="_on_button_team_4_pressed"]
[connection signal="focus_entered" from="VBoxSetupLocal/TextureBackground/MarginMain/HBoxMain/PanelRight/MarginRight/GridRight/VBoxTeam4/HBoxName4/LineName4" to="." method="_on_line_team_focus_entered"]
[connection signal="focus_exited" from="VBoxSetupLocal/TextureBackground/MarginMain/HBoxMain/PanelRight/MarginRight/GridRight/VBoxTeam4/HBoxName4/LineName4" to="." method="_on_line_team_focus_exited"]
[connection signal="text_changed" from="VBoxSetupLocal/TextureBackground/MarginMain/HBoxMain/PanelRight/MarginRight/GridRight/VBoxTeam4/HBoxName4/LineName4" to="." method="_on_line_team_4_text_changed"]
[connection signal="pressed" from="VBoxSetupLocal/TextureBackground/MarginMain/HBoxMain/PanelRight/MarginRight/GridRight/VBoxTeam4/PanelSprite4/HBoxSprite4/ButtonSprite4Left" to="." method="_on_button_sprite_left_pressed" binds= [4]]
[connection signal="pressed" from="VBoxSetupLocal/TextureBackground/MarginMain/HBoxMain/PanelRight/MarginRight/GridRight/VBoxTeam4/PanelSprite4/HBoxSprite4/ButtonSprite4Right" to="." method="_on_button_sprite_right_pressed" binds= [4]]
[connection signal="pressed" from="MessageDialog/MarginDialog/TextureDialog/MarginContent/VBoxContent/ButtonDialog" to="." method="_on_button_dialog_pressed"]
