[gd_resource type="SpriteFrames" load_steps=28 format=3 uid="uid://d1hk4e2eogq5f"]

[ext_resource type="Texture2D" uid="uid://rjyh8ag7iko3" path="res://assets/sprites/dog_dead_1.png" id="1_bg7g4"]
[ext_resource type="Texture2D" uid="uid://ci3taqi76ubqs" path="res://assets/sprites/dog_dead_2.png" id="2_xltqb"]
[ext_resource type="Texture2D" uid="uid://dxkwoedoqn8p6" path="res://assets/sprites/dog_dead_3.png" id="3_o1n8i"]
[ext_resource type="Texture2D" uid="uid://conruqeoffr3n" path="res://assets/sprites/dog_dead_4.png" id="4_e324r"]
[ext_resource type="Texture2D" uid="uid://dwsvjvllpat3s" path="res://assets/sprites/dog_dead_5.png" id="5_c25pi"]
[ext_resource type="Texture2D" uid="uid://kohaa8ftmgqr" path="res://assets/sprites/dog_dead_6.png" id="6_lii67"]
[ext_resource type="Texture2D" uid="uid://d16k0lywkiuoj" path="res://assets/sprites/dog_dead_7.png" id="7_l8ewn"]
[ext_resource type="Texture2D" uid="uid://bn2tnv46xl53b" path="res://assets/sprites/dog_dead_8.png" id="8_ejscv"]
[ext_resource type="Texture2D" uid="uid://vfkgakkad40i" path="res://assets/sprites/dog_dead_9.png" id="9_4vf3t"]
[ext_resource type="Texture2D" uid="uid://bg4jbt8rkmfkd" path="res://assets/sprites/dog_idle_1.png" id="11_xryt0"]
[ext_resource type="Texture2D" uid="uid://dj4vymuu2kxot" path="res://assets/sprites/dog_idle_2.png" id="12_wms13"]
[ext_resource type="Texture2D" uid="uid://d2vtrnlspulqy" path="res://assets/sprites/dog_idle_3.png" id="13_e6r3w"]
[ext_resource type="Texture2D" uid="uid://8lu5ilpa03a1" path="res://assets/sprites/dog_idle_4.png" id="14_uecnp"]
[ext_resource type="Texture2D" uid="uid://s08olkpttkbu" path="res://assets/sprites/dog_idle_5.png" id="15_ib6q6"]
[ext_resource type="Texture2D" uid="uid://de7civ4khabfv" path="res://assets/sprites/dog_idle_6.png" id="16_wtn5k"]
[ext_resource type="Texture2D" uid="uid://drfta4wtvsuou" path="res://assets/sprites/dog_idle_7.png" id="17_ahbnb"]
[ext_resource type="Texture2D" uid="uid://c8f6tohp0ow05" path="res://assets/sprites/dog_idle_8.png" id="18_tad06"]
[ext_resource type="Texture2D" uid="uid://bj4anothufsy4" path="res://assets/sprites/dog_idle_9.png" id="19_67ktm"]
[ext_resource type="Texture2D" uid="uid://dedwcswmdcqqv" path="res://assets/sprites/dog_idle_10.png" id="20_s74nr"]
[ext_resource type="Texture2D" uid="uid://76bq2c5p2nxt" path="res://assets/sprites/dog_run_1.png" id="21_iyq8q"]
[ext_resource type="Texture2D" uid="uid://cnm8tftufbxx1" path="res://assets/sprites/dog_run_2.png" id="22_tfieg"]
[ext_resource type="Texture2D" uid="uid://dm10oya5ob0v" path="res://assets/sprites/dog_run_3.png" id="23_nk8yd"]
[ext_resource type="Texture2D" uid="uid://6akcegxeiaa4" path="res://assets/sprites/dog_run_4.png" id="24_unk3f"]
[ext_resource type="Texture2D" uid="uid://da82hgq87do37" path="res://assets/sprites/dog_run_5.png" id="25_oeb5t"]
[ext_resource type="Texture2D" uid="uid://bwqx4q1p3n8yu" path="res://assets/sprites/dog_run_6.png" id="26_g0cml"]
[ext_resource type="Texture2D" uid="uid://bt8lh4nxs5sci" path="res://assets/sprites/dog_run_7.png" id="27_pn7l8"]
[ext_resource type="Texture2D" uid="uid://djk464ibkhjvb" path="res://assets/sprites/dog_run_8.png" id="28_wwor1"]

[resource]
animations = [{
"frames": [{
"duration": 1.0,
"texture": ExtResource("1_bg7g4")
}, {
"duration": 1.0,
"texture": ExtResource("2_xltqb")
}, {
"duration": 1.0,
"texture": ExtResource("3_o1n8i")
}, {
"duration": 1.0,
"texture": ExtResource("4_e324r")
}, {
"duration": 1.0,
"texture": ExtResource("5_c25pi")
}, {
"duration": 1.0,
"texture": ExtResource("6_lii67")
}, {
"duration": 1.0,
"texture": ExtResource("7_l8ewn")
}, {
"duration": 1.0,
"texture": ExtResource("8_ejscv")
}, {
"duration": 1.0,
"texture": ExtResource("9_4vf3t")
}],
"loop": false,
"name": &"dead",
"speed": 5.0
}, {
"frames": [{
"duration": 1.0,
"texture": ExtResource("11_xryt0")
}, {
"duration": 1.0,
"texture": ExtResource("12_wms13")
}, {
"duration": 1.0,
"texture": ExtResource("13_e6r3w")
}, {
"duration": 1.0,
"texture": ExtResource("14_uecnp")
}, {
"duration": 1.0,
"texture": ExtResource("15_ib6q6")
}, {
"duration": 1.0,
"texture": ExtResource("16_wtn5k")
}, {
"duration": 1.0,
"texture": ExtResource("17_ahbnb")
}, {
"duration": 1.0,
"texture": ExtResource("18_tad06")
}, {
"duration": 1.0,
"texture": ExtResource("19_67ktm")
}, {
"duration": 1.0,
"texture": ExtResource("20_s74nr")
}],
"loop": true,
"name": &"idle",
"speed": 10.0
}, {
"frames": [{
"duration": 1.0,
"texture": ExtResource("21_iyq8q")
}, {
"duration": 1.0,
"texture": ExtResource("22_tfieg")
}, {
"duration": 1.0,
"texture": ExtResource("23_nk8yd")
}, {
"duration": 1.0,
"texture": ExtResource("24_unk3f")
}, {
"duration": 1.0,
"texture": ExtResource("25_oeb5t")
}, {
"duration": 1.0,
"texture": ExtResource("26_g0cml")
}, {
"duration": 1.0,
"texture": ExtResource("27_pn7l8")
}, {
"duration": 1.0,
"texture": ExtResource("28_wwor1")
}],
"loop": true,
"name": &"run",
"speed": 10.0
}]
